5650 6759
452 743 493 811 ³1
1214 739 1358 806 EPIST.
1381 739 1446 807 AD
1469 739 1722 807 HEBRAEOS
2431 738 2474 805 32

455 945 655 1020 eomparatur
689 937 736 1002 ita
770 935 868 1001 etiam
903 934 988 1016 quod
1023 941 1089 998 tam
1119 934 1211 1015 pauoi
1241 954 1283 998 ex
1307 933 1438 1000 Iudaeis
1492 934 1577 1015 Quis
1599 935 1658 1000 tali
1679 935 1812 1000 eustoda
1846 937 1949 1002 fretus
1972 955 2085 1002 seours
2109 936 2253 1017 peribula
2274 938 2385 1001 omnia
2407 958 2473 1002 nou

455 1024 512 1089 illo
536 1023 599 1088 Dei
623 1022 777 1088 ιιοιιιιιιοιο
799 1021 850 1086 usi
873 1032 961 1099 sunt,
989 1032 1024 1085 ut
1047 1019 1212 1101 pauxillas
1235 1028 1362 1085 tantum
1386 1040 1436 1085 re·
1490 1019 1699 1086 oontemnat?
1749 1022 1793 1086 ιιι
1825 1043 1904 1086 sane
1939 1042 2039 1105 quum
2073 1020 2151 1087 dieit
2184 1021 2353 1088 Christus:
2388 1023 2473 1089 Eoos

455 1110 573 1193 liquiae
595 1108 706 1175 salvae
730 1106 861 1184 luerint,
884 1105 1090 1191 praesagium
1115 1104 1179 1168 fuit
1200 1105 1438 1171 exoaeostionis
1490 1127 1551 1189 ogo
1583 1111 1617 1170 et
1649 1109 1761 1190 pueri:
1796 1106 1911 1190 implet
1941 1128 1977 1173 re
2007 1108 2079 1189 ipsa
2107 1106 2191 1190 quod
2223 1106 2301 1172 alibi
2324 1106 2390 1193 (10,
2416 1108 2473 1192 28)

456 1198 601 1261 futurae:
634 1214 698 1277 qua
732 1194 852 1259 laetum
886 1203 935 1257 est
969 1202 1007 1256 ut
1039 1190 1209 1257 Christum
1243 1191 1437 1269 reiioientes,
1491 1192 1661 1274 promittit,
1682 1214 1718 1256 se
1733 1212 1798 1258 nou
1816 1213 1986 1275 passurum
2007 1200 2043 1258 ut
2065 1192 2235 1274 quisqpam
2257 1215 2300 1260 ex
2318 1195 2369 1276 iis,
2391 1215 2472 1276 quos

366 1349 368 1352 .
454 1282 517 1365 ipsi
540 1281 683 1346 vioissim
706 1302 726 1344 a
748 1277 821 1344 Deo
850 1277 962 1343 reieoti
985 1277 1137 1359 perirent.
1183 1273 1438 1342 Observandum
1490 1297 1509 1340 a
1539 1290 1631 1359 patre
1661 1281 1794 1362 aooepit,
1829 1291 1951 1360 pereat.
1996 1278 2168 1344 Postremo
2193 1278 2272 1344 hino
2295 1280 2471 1345 notandum

455 1377 506 1434 eet
527 1368 625 1446 enim,
652 1385 735 1449 quae
758 1364 798 1430 de
819 1364 1054 1429 instauratione
1077 1361 1230 1426 eoolesiae
1252 1362 1338 1445 apud
1362 1382 1437 1444 pro·
1490 1373 1556 1439 est,
1594 1363 1722 1428 etiamsi
1762 1364 1903 1429 mundus
1940 1364 2064 1430 furiosa
2099 1365 2303 1430 oontnmaoia
2338 1379 2473 1448 respuat

456 1454 571 1536 phetas
594 1461 728 1517 exstant
750 1449 991 1532 promissiones,
1018 1467 1037 1511 a
1060 1456 1206 1530 tempore
1228 1469 1291 1528 quo
1313 1447 1439 1512 reduoti
1489 1449 1709 1532 evangelium,
1742 1470 1819 1514 ores
1853 1462 1963 1515 tamen
1996 1470 2124 1532 semper
2156 1451 2325 1534 agnituros
2359 1471 2471 1517 vooem

456 1539 598 1604 suntab
621 1536 720 1602 exilio
741 1535 854 1601 Iudaei
877 1534 918 1601 ad
940 1552 1078 1617 rognum
1102 1553 1204 1616 usque
1219 1532 1345 1599 Christi
1367 1554 1439 1617 per·
1490 1534 1647 1600 Pastoris.
1682 1533 1793 1616 Quare
1818 1554 1859 1599 ns
1889 1533 2042 1600 ordinum
2071 1534 2140 1603 lere
2160 1535 2308 1603 omnium
2330 1546 2364 1602 et
2385 1547 2473 1603 aeta·

457 1626 571 1690 tinere.
603 1620 885 1703 Quemadmodum
901 1621 988 1686 huno
1005 1617 1182 1686 reduueudi
1204 1618 1316 1702 populi
1338 1620 1439 1685 finem
1491 1630 1562 1686 tnm
1591 1631 1624 1685 et
1669 1621 1793 1686 entium
1817 1621 1967 1705 impietus
1989 1642 2049 1686 nos
2071 1621 2253 1697 oonturbet,
2284 1621 2379 1687 modo
2396 1643 2472 1687 suos

456 1709 572 1776 habuit
592 1708 765 1784 Dominus,
796 1716 831 1771 ιιι
860 1714 962 1772 staret
992 1704 1129 1771 eoolesia
1157 1704 1199 1769 ad
1224 1705 1284 1770 filii
1306 1705 1359 1770 sni
1381 1705 1437 1771 ad·
1489 1704 1622 1789 oolligat
1643 1641 1807 1786 Christus,
1836 1706 1893 1788 qui
1922 1706 1992 1772 eius
2021 1705 2098 1773 fidei
2119 1707 2282 1774 oommissi
2304 1720 2391 1773 sunt.
2435 1706 2472 1775 Si

456 1805 611 1872 ventum,
651 1814 708 1877 per
748 1813 845 1875 quem
888 1812 962 1857 vere
1003 1791 1133 1855 demum
1174 1791 1438 1856 eonstitueretur.
1491 1803 1593 1857 ruunt
1614 1793 1648 1855 in
1670 1801 1809 1857 mortem
1831 1811 1891 1857 sua
1912 1791 2082 1874 impietate
2103 1793 2242 1877 reprobi,
2265 1794 2472 1860 eradicantur

457 1881 569 1963 Quum
598 1882 645 1947 ita
673 1879 725 1958 sit,
754 1899 820 1942 non
847 1877 953 1942 solum
976 1876 1114 1942 Issaiam
1138 1874 1314 1958 alloquitur
1336 1876 1438 1958 Deus,
1490 1875 1552 1941 hoo
1570 1875 1667 1942 modo
1682 1876 1825 1960 plantae,
1843 1899 1924 1961 quas
1939 1878 2031 1944 Deus
2053 1899 2117 1944 nou
2141 1879 2310 1961 plautavit.
2339 1878 2473 1946 Interea

456 1976 559 2052 quum
574 1966 663 2032 iubet
684 1963 856 2047 obsignare
878 1963 985 2047 legem
1008 1971 1041 2027 et
1063 1963 1299 2027 testimonium:
1322 1963 1379 2027 sed
1403 1964 1437 2026 in
1490 1963 1631 2028 soiamus
1664 1983 1739 2029 suos
1772 1963 1821 2028 illi
1850 1972 1945 2029 notos
1973 1984 2060 2041 sess,
2093 1973 2126 2029 ot
2153 1965 2358 2048 obsignatam
2385 1967 2471 2048 apud

456 2054 527 2120 eius
549 2071 686 2136 persona
709 2069 822 2115 omnes
844 2069 920 2114 suos
943 2049 1121 2123 ministros,
1148 2047 1266 2129 quibus
1288 2048 1437 2113 futurum
1490 2067 1564 2113 eum
1588 2049 1736 2114 omnium
1759 2050 1911 2130 salutem,
1934 2070 1976 2114 ne
1998 2050 2070 2132 quis
2092 2049 2233 2116 exoidat.
2267 2049 2340 2117 Hoo
2363 2051 2471 2134 sigillo

455 2147 528 2205 erat
559 2150 724 2204 eertumsn
758 2155 832 2201 oum
862 2132 974 2217 populi
1003 2133 1241 2200 incredulitate.
1293 2133 1439 2216 Ideoque
1490 2135 1634 2199 eontenti
1656 2136 1769 2201 simus.

456 2224 628 2292 Christum
658 2223 694 2287 in
723 2219 848 2304 primis,
881 2240 976 2303 quem
1009 2221 1131 2284 maiore
1153 2220 1355 2285 oontumaoia
1376 2220 1438 2284 im·

456 2309 591 2394 petituri
619 2317 714 2373 erant
735 2306 851 2373 Iudaei
880 2325 977 2388 quam
1007 2305 1190 2388 superiores
1219 2326 1333 2371 omues
1366 2326 1438 2388 pro-
1578 2306 1629 2370 14.
1656 2305 1789 2387 Quaado
1818 2307 1919 2389 ipitur
1935 2307 2032 2388 pueri
2059 2307 2148 2373 cami
2168 2313 2198 2373 et
2218 2308 2370 2391 seoquini
2389 2327 2470 2375 oom-

455 2395 582 2480 phetas.
633 2394 679 2458 Ει
710 2413 797 2458 ιιιιιιο
832 2392 980 2456 videmus
1014 2391 1070 2474 qui
1104 2392 1138 2454 in
1172 2390 1276 2456 looum
1307 2389 1439 2456 Israelis
1490 2393 1660 2472 maritant,
1689 2395 1756 2475 ipse
1784 2413 1903 2475 quoque
1923 2394 2072 2459 similiter
2093 2395 2266 2459 euentum
2286 2393 2351 2476 fuit
2365 2395 2469 2474 parti-

454 2480 622 2563 subrogati
637 2490 723 2555 sunt,
747 2498 813 2542 non
829 2477 924 2543 modo
941 2475 1112 2558 repudiare
1128 2476 1198 2542 eius
1221 2476 1439 2560 evangelium,
1490 2498 1570 2559 cepe,
1600 2482 1635 2543 a
1652 2498 1714 2562 per
1733 2484 1860 2544 mortem
1881 2479 2014 2546 aboleret
2041 2498 2113 2544 eum
2133 2480 2188 2561 qai
2212 2479 2342 2545 baldat
2361 2481 2471 2546 mortis

455 2566 512 2633 sed
541 2565 660 2631 iurioee
686 2584 814 2647 quoque
835 2563 871 2627 iu
893 2563 1001 2646 ipsum
1025 2583 1129 2628 ruere.
1175 2563 1299 2627 Verum
1324 2573 1439 2628 utonn·
1491 2565 1670 2645 imperium,
1699 2565 1753 2631 boe
1781 2570 1835 2648 est,
1860 2564 2036 2631 diabolum:
2080 2564 2132 2631 15.
2153 2570 2182 2630 et
2210 2566 2375 2630 redimeret
2403 2566 2472 2647 qai-

455 2673 518 2734 que
548 2650 711 2733 evangelii
739 2649 885 2714 doetrine
907 2648 1061 2716 ecelesiae
1083 2647 1270 2736 domestiois
1292 2648 1374 2730 lapis
1396 2649 1440 2713 sit
1489 2669 1609 2732 tuaque
1635 2657 1718 2716 metu
1748 2652 1859 2716 mortis
1885 2672 1946 2732 per
1974 2654 2068 2716 ιοιαιιι
2096 2652 2193 2716 uitam
2224 2650 2351 2717 obnoxii
2383 2658 2472 2717 erum

456 2736 618 2802 soandali:
656 2755 721 2800 nou
752 2734 825 2800 vult
853 2748 963 2800 tamen
987 2735 1078 2800 Deus
1108 2735 1212 2818 ipsam
1235 2732 1439 2813 intercidere,
1490 2737 1643 2802 sarbuti.

455 2823 536 2906 quin
578 2821 683 2905 potius
724 2820 889 2903 obsignari
928 2820 1017 2885 iubet
1056 2820 1143 2885 inter
1175 2818 1367 2903 disoipulos,
1405 2830 1440 2884 et

456 2910 613 2975 Christus
628 2906 797 2972 duotorum
818 2906 966 2972 omnium
990 2906 1123 2970 nomine
1146 2913 1300 2987 tauquam
1325 2927 1439 2970 eorum
1580 2908 1630 2974 14.
1679 2906 1811 2990 wando
1833 2907 1932 2990 §piar
1947 2908 2054 2990 pueri.
2099 2906 2272 2974 Conolusio
2301 2919 2353 2974 est
2380 2930 2474 2992 supe·

456 3001 566 3079 eaput,
596 2995 661 3058 imo
691 2994 805 3059 uuiaus
828 2992 940 3058 doetor
962 2993 1017 3074 qui
1040 3011 1152 3055 eorum
1174 2992 1356 3056 ministerio
1380 3013 1439 3057 nos
1492 2993 1626 3070 riorum,
1648 3006 1681 3059 st
1701 2992 1800 3059 simul
1823 2993 1949 3075 plenior
1966 3013 2084 3060 neusse
2105 2993 2246 3059 redditio
2267 3013 2364 3075 quam
2382 2996 2473 3077 prius

457 3082 562 3164 regit:
585 3079 785 3162 pronuntiat,
813 3080 846 3143 in
870 3088 937 3142 tam
966 3076 1133 3160 deplorata
1162 3077 1275 3141 muudi
1300 3076 1438 3161 iugrati-
1492 3079 1635 3145 breviter
1658 3080 1823 3162 attigerat,
1845 3100 1903 3145 our
1925 3079 2105 3161 oportuerit
2127 3079 2230 3144 filium
2256 3080 2317 3144 Dei
2339 3100 2471 3147 earnem

458 3168 572 3231 tudine
593 3185 721 3246 semper
745 3176 854 3230 tamen
877 3164 945 3228 fore
966 3162 1091 3245 aliquos
1117 3163 1172 3245 qui
1196 3183 1230 3226 so
1252 3161 1324 3227 Deo
1346 3163 1439 3229 obse·
1492 3180 1640 3230 nostrum
1661 3165 1814 3229 induere:
1844 3186 1963 3248 nempe
1985 3174 2022 3230 ut
2043 3165 2156 3231 eadem
2179 3165 2346 3231 nobiseum
2369 3166 2471 3248 parti·

457 3257 595 3335 quantes
618 3251 764 3316 reddant.
803 3251 856 3315 Eu
879 3250 1038 3332 quomodo
1060 3248 1149 3315 loeus
1166 3247 1289 3314 Iesaiae
1305 3247 1439 3314 Christo
1491 3253 1616 3334 oiparet
1638 3266 1763 3326 natura,
1794 3259 1827 3316 et
1848 3261 1986 3316 mortem
2009 3251 2177 3316 subeundo
2205 3271 2265 3316 nos
2297 3251 2337 3316 ab
2360 3272 2399 3316 ea
2421 3273 2471 3316 re·

458 3347 544 3405 reete
567 3346 708 3420 aptetur.
751 3335 840 3401 Hine
862 3334 986 3422 oolligit
1015 3334 1182 3418 apostolus
1212 3355 1271 3401 nos
1302 3355 1378 3401 eum
1401 3355 1440 3400 eo
1493 3336 1640 3402 dimeret.
1677 3337 1784 3403 Loous
1807 3336 1861 3402 hio
1883 3337 2057 3402 observatu
2080 3335 2199 3420 dignus
2220 3347 2286 3402 est:
2309 3338 2471 3418 quianon

458 3444 559 3489 unum
583 3443 660 3498 esse,
691 3423 767 3504 quia
788 3443 824 3488 se
846 3421 938 3487 uobis
968 3431 1134 3504 aggreget,
1164 3420 1241 3485 dum
1266 3441 1302 3486 se
1325 3432 1356 3485 et
1380 3442 1440 3486 nos
1493 3433 1621 3488 tantum
1646 3424 1816 3489 veritatem
1840 3422 2002 3488 humanae
2024 3423 2058 3488 in
2073 3421 2206 3489 Christo
2229 3436 2366 3488 naturas
2383 3443 2471 3488 asse·

457 3509 582 3594 pariter
611 3508 708 3573 offert
732 3508 802 3574 Deo
832 3507 927 3588 patri.
972 3505 1084 3572 Unum
1112 3505 1201 3572 enim
1231 3527 1349 3589 eorpus
1372 3507 1440 3571 elfi-
1493 3510 1546 3585 rit,
1576 3508 1633 3575 sed
1662 3509 1738 3591 quia
1766 3511 1905 3574 frustum
1929 3530 2056 3591 quoque
2085 3509 2230 3574 ostendit
2251 3509 2308 3590 qui
2331 3508 2407 3574 inde
2429 3508 2471 3574 ed

458 3595 551 3662 oiuut
580 3595 635 3676 qui
660 3593 720 3657 sub
741 3593 856 3658 sudem
877 3591 953 3657 fidei
976 3590 1090 3675 regula
1112 3589 1184 3656 Deo
1206 3591 1438 3675 obsequuntur.
1492 3614 1553 3660 nos
1575 3606 1715 3660 emanat.
1760 3594 1891 3677 Faetus,
1913 3595 2029 3677 inquit,
2053 3595 2150 3660 homo
2173 3609 2222 3659 est
2243 3593 2329 3659 filius
2348 3593 2412 3658 Dei
2435 3607 2473 3660 ut

458 3680 548 3762 Quid
583 3679 689 3763 aptius
716 3680 756 3743 ed
786 3679 862 3743 fidei
891 3675 1201 3744 sommendationem
1233 3677 1295 3744 diei
1336 3678 1440 3759 possit
1492 3680 1689 3746 conditionis
1710 3679 1857 3746 eiusdem
1881 3701 1919 3745 au
1941 3692 2076 3745 naturae
2100 3681 2267 3745 nobiseum
2293 3690 2378 3745 esset
2399 3701 2471 3762 par-

458 3786 554 3850 quam
576 3765 609 3830 in
631 3787 669 3830 es
700 3786 759 3830 nos
784 3785 855 3829 esse
877 3765 944 3829 filio
966 3762 1029 3827 Doi
1052 3765 1195 3842 domitas,
1224 3765 1281 3846 qui
1303 3785 1363 3829 suo
1384 3785 1440 3828 ex·
1493 3766 1608 3848 tieeps.
1646 3766 1735 3847 Quid
1757 3765 1797 3830 ad
1817 3765 1894 3831 iidsi
1916 3781 2046 3833 nostrae
2061 3767 2338 3831 oonfirmationem
2363 3767 2472 3848 aptius

459 3852 567 3935 emplo
597 3872 656 3916 nos
684 3850 834 3915 hortatur
861 3871 899 3916 ao
928 3850 1014 3914 siam
1044 3851 1305 3930 praemonstrat?
1350 3851 1441 3932 Ergo
1493 3851 1555 3918 diui
1590 3851 1738 3936 poterat?
1789 3850 2043 3917 Inaestimabilis
2076 3853 2164 3915 enim
2198 3872 2278 3933 erga
2311 3871 2370 3917 nos
2399 3851 2473 3916 eins

459 3937 489 4004 si
517 3936 656 4004 verbum
678 3934 741 4000 Dei
767 3956 953 4019 sequamur,
983 3942 1072 3999 oerto
1094 3936 1215 4001 seimus
1237 3957 1297 4000 nos
1319 3935 1440 4002 habere
1493 3958 1584 4003 amor
1608 3938 1661 4004 hio
1683 3948 1828 4022 apparet.
1862 3935 1929 4003 Sed
1951 3936 2102 4004 oumulus
2124 3948 2232 4001 exstat
2254 3939 2289 4002 in
2312 3957 2362 4015 eo,
2385 3937 2472 4019 quod

457 4024 628 4092 Christum
651 4021 784 4087 dasem:
808 4020 1080 4105 quemadmodum
1103 4020 1184 4085 nihil
1208 4020 1249 4085 ad
1268 4019 1440 4089 Christum
1493 4037 1646 4089 naturam
1667 4037 1812 4090 nostrum
1841 4023 1949 4087 induit
1978 4032 2013 4087 ιιι
2043 4023 2204 4088 moriendi
2233 4022 2414 4089 uenditioni
2436 4043 2473 4088 se

458 4112 623 4193 pertinent
649 4109 704 4191 qui
734 4109 868 4172 averbi
897 4104 1083 4171 obedientia
1106 4106 1293 4173 defleatunt.
1339 4106 1439 4191 Quid,
1493 4110 1685 4176 subiioeret:
1714 4121 1852 4174 mortem
1874 4109 1961 4174 enim
1991 4107 2102 4174 subire
2126 4108 2216 4174 Deus
2246 4130 2311 4174 nou
2335 4114 2471 4190 poterat.

458 4197 601 4272 obseoro,
631 4193 736 4276 magis
758 4192 898 4277 optabile
921 4212 1018 4275 quam
1042 4202 1078 4257 ut
1100 4197 1341 4259 eonsentiamus
1364 4214 1439 4259 oum
1493 4195 1701 4277 Quamquam
1732 4203 1841 4259 eutem
1864 4194 2006 4260 breviter
2028 4192 2169 4259 fruotum
2196 4196 2311 4261 mortis
2332 4195 2474 4277 attingit,

461 4282 528 4347 lilio
551 4279 636 4346 Dei?
672 4281 738 4346 Hio
761 4290 870 4344 autem
891 4299 1068 4345 consensus
1091 4279 1155 4343 fids
1177 4289 1313 4345 oonstat.
1349 4279 1439 4363 Ergo
1492 4293 1543 4347 est
1565 4291 1676 4346 tamen
1698 4281 1732 4345 in
1761 4280 1824 4345 heo
1845 4279 2019 4345 verborum
2050 4280 2209 4346 brevitate
2238 4282 2318 4345 viva
2346 4280 2381 4345 in
2405 4281 2473 4363 pri-

460 4366 650 4432 infidelitate
680 4366 721 4430 ab
750 4387 788 4431 eo
817 4363 1027 4431 dissidemus:
1061 4385 1125 4446 quo
1155 4364 1237 4430 nihil
1263 4376 1313 4431 est
1335 4367 1441 4450 magis
1493 4368 1610 4432 miset
1633 4367 1750 4432 eifieax
1771 4367 1820 4430 rei
1841 4365 2023 4449 expressio:
2048 4386 2165 4448 nempe
2187 4366 2273 4449 quod
2288 4385 2348 4431 nos
2371 4367 2473 4432 adia·

460 4452 660 4519 detestabile.
696 4450 822 4516 Nomen
839 4451 943 4533 pueri,
965 4449 1051 4531 quod
1070 4471 1202 4515 servum
1226 4451 1337 4518 multis
1360 4450 1441 4518 loeis
1493 4453 1560 4518 boli
1582 4450 1754 4535 tyrannide
1782 4452 1830 4516 ita
1853 4452 2037 4530 asseruerit,
2072 4461 2109 4515 ut
2139 4452 2205 4516 iam
2233 4452 2336 4518 simus
2366 4451 2407 4517 ab
2434 4471 2472 4517 eo

461 4537 633 4621 signifieat,
658 4536 711 4603 hio
734 4558 792 4620 pro
815 4536 973 4621 discipulo
995 4535 1133 4617 eapitur.
1492 4539 1613 4605 seouri:
1635 4549 1668 4602 et
1689 4537 1736 4602 ita
1758 4557 1779 4603 a
1799 4552 1902 4602 morte
1928 4536 2111 4617 redemerit,
2140 4558 2181 4602 ns
2211 4537 2351 4620 amplius
2381 4537 2473 4604 nobis

551 4623 636 4705 Quos
646 4623 738 4689 dedit.
761 4622 827 4688 Hie
842 4633 972 4688 notatur
990 4622 1096 4704 prima
1110 4621 1440 4688 obedientiauoausa:
1492 4624 1536 4691 sit
1557 4623 1711 4689 timenda.
1745 4621 1920 4691 Caeterum
1943 4624 2019 4705 quia
2034 4622 2163 4705 pondus
2186 4621 2309 4689 habent
2325 4623 2473 4706 singulae

462 4730 580 4793 nempe
595 4710 681 4791 quod
696 4708 789 4773 Deus
803 4708 865 4774 sibi
881 4728 940 4773 nos
955 4706 1133 4789 adoptavit.
1171 4707 1286 4773 Nullos
1308 4706 1441 4773 addnoit
1493 4708 1684 4794 partioulae,
1706 4709 1896 4794 diligentius
1920 4709 2014 4791 paulo
2036 4709 2252 4775 excutiendae
2273 4721 2360 4776 sunt.
2397 4708 2472 4774 Pri-

461 4795 615 4863 Christus
638 4794 678 4859 ad
702 4803 837 4878 patrem,
867 4795 930 4859 nisi
959 4792 999 4857 ab
1022 4793 1092 4875 ipso
1113 4794 1175 4859 sibi
1197 4792 1297 4859 datos.
1343 4792 1441 4860 Hane
1493 4817 1594 4876 mum,
1616 4795 1679 4860 ista
1697 4795 1815 4861 diaboli
1833 4794 1975 4872 abolitio,
1999 4793 2039 4860 de
2054 4815 2118 4878 qua
2140 4787 2296 4878 loquitur,
2320 4795 2383 4860 hue
2399 4814 2471 4876 per·

461 4901 540 4948 vero
568 4879 775 4946 donationem
805 4901 846 4945 ex
875 4891 1008 4945 aeterna
1034 4879 1190 4944 eleotione
1220 4879 1360 4961 pendere
1382 4881 1442 4944 soi·
1494 4883 1586 4958 tinet,
1617 4902 1658 4946 ne
1680 4880 1758 4964 quid
1783 4882 1818 4946 in
1848 4902 1907 4946 nos
1935 4882 2046 4963 possit.
2091 4881 2236 4947 'llametsi
2265 4881 2353 4946 enim
2385 4882 2474 4963 viget

461 4987 551 5033 mus:
585 4967 660 5049 quis
689 4985 770 5049 quos
796 4977 891 5050 pater
920 4963 1096 5030 destinavit
1118 4965 1159 5030 ad
1182 4966 1293 5044 vitam,
1327 4984 1383 5030 eos
1405 4966 1440 5030 in
1494 4967 1600 5033 adhuo
1623 4967 1780 5043 diabolus,
1813 4977 1848 5031 et
1877 4967 1970 5032 uobis
1999 4966 2127 5032 assidue
2155 4968 2290 5032 exitium
2320 4964 2473 5031 molitur:

461 5051 641 5121 eustodiam
657 5052 724 5135 filio
746 5073 804 5118 suo
827 5051 927 5118 tradit
949 5067 986 5117 ιιι
1008 5050 1096 5134 ipsos
1119 5057 1259 5117 tueatur.
1294 5049 1369 5116 Hou
1391 5063 1441 5117 est
1495 5064 1605 5118 tamen
1627 5054 1810 5122 exstinetae
1832 5052 1884 5118 vel
1905 5058 2035 5119 retusae
2056 5062 2134 5118 sunt
2155 5053 2225 5121 eins
2242 5055 2329 5118 vires
2351 5051 2393 5117 ad
2416 5073 2474 5118 no·

463 5140 546 5223 quod
576 5139 654 5205 dieit
681 5137 769 5221 apud
790 5137 972 5203 Iohannem
994 5135 1038 5219 (6,
1067 5135 1133 5222 37),
1162 5136 1331 5218 Quidquid
1353 5136 1442 5202 dedit
1493 5137 1644 5207 eandum.
1688 5138 1781 5205 Haeo
1801 5140 1919 5222 iugens
1941 5153 1992 5204 est
2018 5139 2204 5219 oonsolstio,
2233 5138 2320 5221 quod
2342 5138 2474 5215 suimus,

462 5225 546 5290 mihi
578 5241 682 5309 pater,
715 5225 756 5289 ad
789 5245 842 5289 me
875 5224 995 5290 veniet.
1049 5222 1144 5304 Quod
1177 5243 1255 5306 ergo
1284 5243 1342 5289 nos
1369 5221 1442 5288 Deo
1494 5244 1569 5291 oum
1591 5244 1631 5290 eo
1653 5225 1747 5291 nobis
1774 5225 1869 5290 hoste
1890 5245 1961 5291 esse
1984 5224 2150 5308 negotium
2172 5225 2228 5306 qui
2251 5224 2335 5289 nihil
2357 5227 2392 5290 in
2415 5245 2475 5290 nos

463 5312 653 5376 subiioimus
681 5311 715 5376 iu
745 5312 932 5393 obsequium
956 5309 1043 5391 fidei,
1071 5310 1233 5374 diseamus
1255 5307 1316 5373 hoo
1339 5320 1441 5374 totum
1495 5319 1611 5394 potest.
1656 5311 1743 5375 Nam
1765 5308 1797 5374 id
1826 5310 1952 5375 dietum
1974 5331 2046 5375 esse
2068 5322 2217 5393 rsspeotu
2239 5311 2354 5388 nostri,
2384 5310 2474 5375 oolli-

463 5396 534 5462 eius
563 5398 802 5463 miserirordiae
832 5405 999 5477 aooeptum
1030 5397 1128 5460 terre:
1162 5395 1239 5476 quia
1275 5414 1442 5477 uunquam
1495 5416 1574 5480 gere
1607 5396 1683 5462 lieet
1715 5417 1757 5461 ex
1790 5397 1939 5478 proximo
1973 5397 2129 5473 membro,
2163 5396 2352 5463 aboleret
2385 5415 2474 5460 eum

464 5482 558 5547 aliter
590 5482 630 5546 ed
660 5503 735 5548 eum
766 5481 1003 5547 adduoeremnr
1033 5479 1156 5546 Christi
1188 5499 1293 5544 manu.
1345 5480 1444 5546 Prae-
1495 5483 1565 5565 qui
1605 5481 1787 5549 habebat
1827 5482 1971 5547 mortis
2011 5482 2241 5565 imperium.
2302 5481 2475 5564 signifieat

464 5581 554 5635 terea
570 5588 676 5635 raram
692 5569 829 5633 fiduoias
845 5568 1014 5632 materiam
1030 5564 1181 5649 suppedit
1196 5564 1444 5633 haeodootrius.
1495 5569 1584 5634 enim
1606 5567 1771 5651 apostolus
1798 5568 1954 5634 abolitum
1977 5588 2049 5635 esse
2071 5567 2233 5635 diabolum
2257 5577 2417 5651 quatenus
2440 5568 2475 5630 in

464 5653 549 5735 Quis
586 5656 672 5721 enim
714 5654 776 5721 sub
811 5651 876 5719 fide
912 5652 1077 5736 tutelaque
1114 5649 1239 5718 Christi
1281 5650 1444 5737 trepidet?
1497 5664 1645 5721 nostrum
1667 5653 1804 5721 exitium
1827 5653 1994 5738 regnabat.
2038 5654 2126 5720 Nam
2147 5655 2188 5721 ab
2209 5653 2328 5720 effeutn
2348 5652 2395 5718 siu
2419 5672 2474 5719 vo·
