5650 6759
474 764 519 831 23
1230 761 1375 829 aelst.
1398 759 1464 828 Al)
1486 759 1740 828 HEBRAEOS
2451 763 2495 831 24

476 968 629 1045 apparet:
660 958 857 1044 prodigia
879 966 999 1039 autem,
1029 956 1115 1039 quod
1138 977 1258 1023 novum
1281 954 1403 1040 aliquid
1426 966 1461 1020 et
1514 975 1629 1020 verum
1653 974 1712 1019 sna
1734 953 1916 1020 delectione
1938 956 2115 1038 promeruit
2138 964 2176 1020 nt
2198 955 2340 1021 dominio
2362 955 2423 1025 hoo
2438 959 2495 1025 ab·

477 1048 671 1114 inusitatum
703 1047 891 1112 continent:
925 1045 1080 1121 virtutes,
1114 1042 1200 1126 quod
1230 1041 1394 1107 Dominus
1425 1043 1460 1106 in
1513 1040 1689 1106 dicaretur.
1733 1039 1826 1106 Haec
1848 1041 1935 1106 anim
1958 1043 2043 1107 iusta
2069 1043 2102 1106 iu
2128 1043 2334 1108 beneficiario
2355 1044 2492 1127 ingrati-

477 1133 542 1200 illis
565 1130 732 1216 singulare
754 1142 786 1194 et
809 1128 1107 1195 extraordinarium
1132 1130 1270 1193 virtutis
1288 1149 1366 1194 suae
1389 1148 1462 1211 spe·
1513 1125 1637 1191 tudinis
1666 1145 1774 1210 poena
1797 1133 1856 1204 est,
1879 1136 1916 1192 ut
1939 1128 2109 1204 Dominus,
2140 1149 2235 1211 quem
2264 1147 2441 1211 agnoscere
2460 1142 2493 1196 et

476 1221 581 1286 cimon
605 1218 682 1282 edit.
726 1215 767 1281 In
790 1214 950 1281 vocabulo
979 1215 1167 1293 attestandi,
1198 1225 1330 1279 notatur
1351 1227 1460 1280 rectus
1514 1211 1621 1277 debita
1647 1212 1712 1276 fide
1740 1212 1845 1278 colare
1867 1223 2006 1293 recusat,
2035 1215 2105 1280 iure
2126 1215 2219 1298 prius
2241 1235 2261 1279 a
2282 1235 2318 1282 se
2340 1235 2495 1282 concesso

477 1302 712 1370 miraculorum
736 1323 825 1382 usus,
848 1321 966 1384 nempe
981 1300 1067 1382 quod
1083 1300 1275 1365 stabiliendo
1290 1299 1461 1383 evangelio
1513 1318 1587 1362 enm
1617 1299 1743 1381 spoliet.
1787 1299 1877 1382 Ergo
1906 1300 2002 1365 simul
2032 1309 2130 1383 atque
2153 1301 2260 1365 Adam
2281 1320 2317 1366 se
2340 1322 2398 1384 per
2419 1322 2492 1384 pec·

477 1391 602 1457 servire
639 1388 770 1453 debent.
825 1387 910 1452 llere
946 1388 1033 1451 enim
1072 1387 1181 1450 omnia
1212 1387 1461 1469 quibuscunque
1513 1395 1621 1449 catum
1638 1405 1657 1448 a
1672 1383 1744 1448 Deo
1760 1384 2300 1469 alienavit,bonieomuibus,quac
2316 1399 2493 1471 acceperat,

476 1475 614 1542 saeculis
637 1474 725 1538 edita
745 1475 867 1538 fuerint
890 1472 1056 1550 miracula,
1079 1472 1167 1538 huno
1185 1473 1281 1536 finem
1307 1471 1460 1536 habuisse
1513 1470 1630 1533 merito
1664 1469 1813 1552 privatus
1843 1475 1904 1535 est.
1955 1471 2028 1537 Non
2062 1472 2147 1554 quod
2176 1492 2272 1537 usum
2299 1474 2495 1557 perdiderit:

477 1561 689 1646 reperiemus,
713 1571 748 1624 ut
771 1559 864 1624 verbi
885 1557 948 1623 Dei
971 1564 1082 1622 emant
1103 1557 1218 1639 sigilla.
1256 1556 1331 1637 Quo
1354 1558 1461 1640 magis
1512 1554 1569 1619 sed
1592 1554 1669 1638 quia
1686 1556 1739 1619 ius
1757 1555 1940 1639 legitimum
1958 1559 2099 1623 retinere
2118 1578 2181 1622 non
2198 1558 2304 1642 potnit
2318 1570 2493 1642 postquam

475 1655 686 1732 praepostera
715 1656 765 1710 ast
797 1645 997 1729 papietarum
1027 1643 1229 1726 superstitio,
1262 1643 1317 1725 qui
1345 1643 1460 1707 fictitia
1512 1638 1620 1706 Deum
1653 1640 1837 1722 reliquerat.
1887 1643 1926 1707 ln
1962 1663 2025 1708 usu
2053 1645 2151 1709 etiam
2180 1645 2251 1728 ipso
2279 1644 2371 1710 Deus
2398 1647 2493 1729 sigua

477 1755 538 1798 sua
571 1731 729 1798 miracula
755 1731 796 1795 ad
826 1731 996 1796 veritatem
1024 1728 1087 1793 Dei
1117 1729 1373 1794 labefactandam
1404 1729 1459 1792 de·
1513 1739 1644 1791 exstare
1672 1727 1867 1808 privationis
1897 1727 2016 1793 voluit:
2048 1729 2145 1812 quale
2173 1739 2222 1796 est
2251 1728 2336 1813 quod
2366 1730 2493 1797 belluae

478 1824 642 1901 torquent.
695 1816 891 1883 Coniunctio
921 1818 979 1879 σὺν
1009 1814 1062 1879 vel
1095 1814 1209 1894 simul,
1243 1814 1331 1879 huno
1361 1813 1461 1879 habet
1513 1812 1665 1876 ferociter
1692 1814 1726 1876 iu
1758 1833 1817 1878 noe
1847 1815 2038 1898 insurgunt,
2069 1825 2103 1880 et
2131 1835 2213 1899 quae
2240 1822 2389 1881 nostrum
2416 1837 2492 1884 con·

480 1925 623 1984 sensnm,
645 1923 704 1968 nos
727 1905 760 1966 in
784 1902 849 1967 fide
871 1899 1035 1985 evangelli
1057 1901 1242 1967 confirmari
1264 1899 1460 1984 symphonia
1513 1908 1659 1979 spectum
1678 1899 1822 1963 revereri
1839 1898 2028 1977 debuerant,
2050 1912 2129 1966 sunt
2147 1903 2240 1968 nobis
2254 1902 2493 1969 formidabiles:

478 1989 619 2073 quadam
651 1989 713 2053 Dei
743 1999 776 2052 et
806 1988 993 2052 hominum:
1027 1986 1180 2068 quoniam
1210 1986 1367 2051 miracula
1396 1986 1459 2050 Dei
1512 1983 1597 2065 quod
1626 1982 1668 2047 ad
1698 1982 1888 2068 obsequium
1917 1985 2000 2053 aliae
2030 2007 2208 2069 nunquam,
2242 1988 2325 2053 aliae
2353 1989 2411 2052 vix
2440 2008 2492 2054 as·

476 2077 571 2159 quasi
600 2075 781 2139 testimonii
812 2074 884 2138 rice
913 2091 986 2137 oum
1024 2071 1194 2135 hominnm
1218 2092 1300 2137 voce
1321 2091 1459 2137 consen·
1513 2082 1688 2134 suescunt:
1721 2071 1809 2152 quod
1843 2081 1960 2137 nocent
1994 2074 2092 2137 variis
2126 2075 2247 2139 modist
2280 2075 2366 2157 quod
2404 2087 2494 2140 terra

476 2165 570 2226 tiant.
615 2159 717 2224 Addit
739 2160 921 2242 spiritus
949 2159 1091 2223 sancti
1114 2156 1459 2235 distributiones,
1512 2154 1660 2219 culturae
1682 2175 1747 2220 non
1770 2159 1959 2239 respondet:
1982 2158 2066 2240 quod
2089 2159 2226 2235 coelum,
2248 2181 2314 2236 aar,
2338 2180 2436 2236 mare,
2459 2169 2493 2225 ct

477 2249 595 2330 quibus
625 2246 724 2311 etiam
754 2252 868 2310 ornata
898 2244 960 2307 fuit
988 2242 1150 2327 evangelii
1179 2244 1336 2322 doctrina,
1366 2244 1460 2307 cuius
1513 2240 1578 2304 alia
1612 2241 1706 2307 nobis
1739 2260 1835 2323 saepe
1861 2244 1981 2309 intesta
2009 2255 2098 2311 sunt.
2151 2245 2276 2310 Verum
2310 2256 2350 2310 ιιι
2378 2267 2492 2313 omnes

478 2331 673 2416 appendisse
696 2333 839 2396 luerunt.
880 2328 1045 2408 Quorsum
1068 2330 1157 2393 anim
1180 2330 1346 2395 distribuit
1369 2329 1460 2393 Dens
1512 2335 1681 2391 creaturae
1710 2328 1744 2390 in
1768 2328 1874 2393 olficio
1896 2329 2105 2396 subiectionis
2127 2342 2309 2414 manerent,
2332 2331 2491 2415 quidquid

477 2420 613 2501 spiritus
636 2418 688 2482 sui
705 2417 798 2496 dona,
821 2416 884 2480 uisi
898 2416 1018 2498 partim
1036 2419 1075 2480 ut
1090 2415 1178 2480 illius
1201 2414 1459 2498 promulgandae
1513 2424 1623 2476 tamen
1646 2421 1807 2496 usurpant
1828 2414 1887 2479 filit
1903 2416 2005 2492 Adae,
2028 2417 2093 2481 illis
2109 2417 2144 2481 in
2160 2417 2284 2482 furtum
2299 2419 2493 2500 imputatur.

477 2504 664 2568 adiumenta
695 2513 816 2584 essent,
844 2501 965 2583 partim
988 2521 1067 2566 vero
1089 2511 1127 2566 ut
1149 2502 1362 2566 admiratione
1386 2521 1459 2581 per·
1513 2496 1599 2577 Quid
1629 2501 1717 2563 enim
1746 2518 1842 2564 suum
1872 2523 1943 2566 esse
1970 2501 2091 2586 dicent,
2118 2524 2218 2585 quum
2248 2504 2310 2588 ipsi
2333 2502 2396 2569 Dei
2425 2525 2492 2571 non

476 2600 645 2653 moverent
669 2589 838 2651 hominum
861 2587 988 2651 animos
1003 2585 1043 2651 ad
1062 2585 1328 2670 obsequendum?
1363 2585 1460 2651 Unde
1512 2582 1602 2647 sint?
1637 2583 1710 2649 Hoc
1730 2585 1814 2650 iacto
1836 2588 2058 2669 fundamento,
2081 2600 2170 2672 patet
2190 2591 2287 2656 istam
2309 2589 2375 2654 Dei
2396 2589 2492 2656 bene·

476 2673 602 2740 Paulus
635 2673 727 2754 dicit,
763 2673 893 2755 linguas
926 2693 997 2738 esse
1028 2673 1063 2736 in
1098 2674 1228 2756 signum
1262 2671 1459 2738 infidelibus.
1511 2670 1677 2733 licentiam
1702 2672 1784 2734 nihil
1804 2672 1845 2737 ad
1861 2675 2109 2758 nospertinere,
2132 2675 2233 2742 donec
2249 2696 2307 2758 per
2322 2675 2492 2743 Christum

480 2758 663 2836 Particula,
701 2757 925 2825 secundum
962 2759 1053 2824 eius
1089 2758 1368 2838 voluntatem,
1402 2757 1459 2822 ad·
1512 2757 1700 2819 restitutum
1738 2758 1838 2823 luerit
1870 2760 1920 2823 ine
1952 2760 2039 2842 qnod
2073 2760 2107 2824 in
2141 2760 2247 2825 Adam
2280 2760 2492 2845 perdidimus.

479 2854 590 2910 monet
620 2846 760 2910 virtutes
782 2847 873 2923 istas,
903 2864 1041 2926 quarum
1072 2846 1237 2927 meminit,
1271 2865 1336 2907 nou
1366 2864 1459 2927 posse
1512 2839 1737 2921 Quaestione
1759 2842 1853 2910 docet
1875 2844 2207 2930 Paulus(l.'Pim.4,
2229 2847 2273 2932 5),
2295 2847 2491 2913 sanctificari

479 2930 619 2997 adscribi
643 2933 706 2997 uisi
722 2930 808 2996 Deo:
833 2949 892 2996 nec
910 2943 1031 2995 temere
1050 2931 1148 2995 luisse
1163 2930 1277 3012 editas,
1300 2930 1356 2994 sed
1372 2940 1460 2995 certo
1512 2927 1605 2991 nobis
1627 2928 1714 2993 eibos
1738 2949 1795 3012 per
1821 2931 1929 2996 fidem.
1974 2932 2018 2996 Et
2040 2932 2116 2998 alibi
2137 2933 2331 3017 pronuntiat
2351 2932 2491 2999 infideli·

480 3019 551 3083 cius
573 3017 719 3098 oonsilio,
741 3025 779 3081 ut
799 3017 962 3102 euangelii
985 3017 1081 3081 fidem
1105 3017 1327 3100 obsignarent.
1513 3010 1572 3077 bus
1607 3013 1690 3077 nibil
1726 3035 1797 3080 esse
1831 3016 2006 3100 mundum,
2044 3019 2121 3100 quia
2156 3018 2316 3101 pollutam
2350 3019 2493 3084 habeant

1512 3100 1754 3165 conscientiam.
1799 3103 1872 3167 Hoc
1893 3114 1943 3168 eet
1968 3103 2052 3186 quod
2080 3104 2253 3170 habuimus
2276 3105 2368 3170 initio
2391 3104 2491 3170 huius

565 3190 596 3256 5.
619 3188 696 3254 Nou
717 3189 801 3254 euim
822 3188 943 3272 sumtis
974 3188 1100 3254 subieut
1121 3188 1223 3253 orbus
1247 3189 1401 3272 futurum,
1423 3188 1461 3254 de
1513 3185 1680 3267 epistolae,
1702 3185 1873 3253 Christum
1888 3209 1907 3253 a
1923 3202 2016 3271 patre
2031 3190 2216 3255 ordinatum
2231 3211 2301 3256 asse
2318 3189 2491 3257 haeredem

479 3297 539 3359 quo
560 3276 728 3358 loquimur.
773 3276 803 3341 6.
828 3275 973 3340 Testatus
994 3280 1038 3339 est
1059 3279 1162 3340 cutm
1182 3275 1313 3356 quidam
1334 3274 1460 3358 oluubi,
1513 3272 1751 3336 universorum.
1796 3273 1894 3339 Certe
1915 3283 2019 3341 totam
2042 3277 2099 3340 uui
2123 3276 2356 3341 haereditatem
2380 3277 2490 3340 vandi-

478 3361 601 3430 diceus:
648 3362 733 3443 Quid
764 3365 808 3426 est
838 3359 929 3424 bomo
960 3360 1042 3441 quod
1072 3379 1191 3424 memor
1221 3379 1254 3425 es
1283 3361 1374 3425 eius?
1405 3365 1462 3425 out
1512 3356 1632 3432 cando,
1672 3358 1812 3440 reliquos
1845 3381 1959 3427 omnes
1991 3361 2136 3427 excludit
2169 3374 2323 3446 tanquam
2357 3363 2491 3428 alienos.

477 3448 569 3531 tilius
596 3447 749 3530 bominis,
778 3446 861 3529 quod
886 3446 1000 3511 visitas
1028 3446 1124 3510 eum?
1169 3446 1198 3510 l.
1219 3444 1370 3512 Minuisti
1390 3466 1461 3511 eum
1512 3441 1558 3506 Et
1586 3444 1720 3508 merito:
1755 3446 1944 3511 exsulamus
1977 3451 2064 3512 enim
2094 3469 2207 3514 omnes
2237 3468 2256 3512 a
2285 3468 2387 3531 regno
2415 3445 2490 3513 Dei.

475 3533 648 3616 paululum
676 3533 715 3598 ab
737 3533 874 3617 eupolim
899 3533 1002 3614 ptumo
1024 3537 1052 3597 et
1072 3531 1184 3598 bouem
1203 3533 1360 3598 mancei
1378 3552 1459 3616 eum,
1512 3526 1605 3608 Quae
1634 3549 1713 3613 ergo
1741 3532 1809 3596 suis
1839 3532 2024 3599 domesticis
2053 3535 2209 3599 alimenta
2231 3533 2418 3611 destinavit,
2448 3534 2489 3599 ad

480 3625 508 3685 ut
542 3620 730 3686 constituisti
765 3639 835 3684 eum
870 3637 967 3699 muer
1001 3637 1094 3699 opero
1131 3638 1283 3683 manuum
1318 3623 1459 3684 tuorum:
1512 3632 1572 3678 uos
1589 3634 1705 3697 rapere
1734 3617 1783 3682 ias
1810 3639 1877 3683 non
1898 3630 1957 3685 est
2004 3624 2049 3685 At
2071 3620 2234 3700 Christus,
2255 3640 2314 3702 per
2336 3640 2433 3702 quem
2455 3621 2489 3685 in

481 3705 512 3769 8.
549 3705 663 3770 Outuio
694 3703 851 3770 abessa
882 3703 940 3770 sub
966 3705 1101 3784 pedidus
1132 3705 1209 3769 eiua.
1262 3703 1461 3770 Cubitum
1512 3699 1667 3765 familiam
1697 3711 1896 3787 cooptamur,
1928 3706 2026 3771 simul
2054 3707 2090 3770 in
2120 3707 2307 3771 societatem
2336 3707 2417 3770 iuris
2438 3708 2489 3771 sui

480 3795 558 3856 certe
582 3791 633 3856 iili
659 3791 774 3871 omuio,
803 3789 884 3855 nibil
908 3789 1034 3873 reliquit
1054 3810 1116 3856 ιιοιι
1137 3790 1315 3856 subiectum.
1359 3790 1461 3873 Atqui
1511 3806 1572 3850 nos
1595 3784 1748 3868 admittit,
1777 3799 1816 3854 ut
1845 3797 1913 3857 toto
1936 3791 2059 3856 mundo
2081 3811 2154 3856 com
2178 3791 2242 3856 Dei
2264 3791 2491 3857 benedictione

481 3896 563 3941 uuus
583 3876 719 3943 noudum
744 3877 885 3942 uidemus
906 3876 958 3942 iili
979 3879 1084 3941 unuin
1105 3877 1255 3942 subiecto:
1298 3876 1328 3941 9.
1352 3876 1461 3941 Iesum
1511 3871 1669 3937 fruamur.
1714 3874 1809 3940 Unde
1839 3877 2016 3943 etPaulus
2044 3878 2108 3942 fide
2134 3877 2412 3961 dooetfflnm4,
2436 3876 2492 3962 13)

481 3967 584 4028 uuum
612 3963 667 4045 qui
690 3963 860 4043 paulutum
889 3962 1075 4027 imminutus
1101 3962 1166 4045 fuit
1192 3963 1232 4027 ob
1253 3963 1383 4046 anystis,
1411 3964 1461 4026 iu·
1511 3955 1680 4023 Abraham
1712 3961 1833 4026 iactum
1863 3982 1933 4028 esse
1964 3963 2136 4027 haeredem
2167 3963 2296 4027 mundi:
2331 3975 2491 4044 quatenus

480 4055 604 4114 tuemur
619 4053 753 4131 propter
767 4049 950 4129 passimam
967 4049 1192 4132 coaequaris
1207 4054 1236 4113 et
1250 4047 1361 4114 bonore
1375 4067 1461 4113 coro-
1511 4045 1633 4108 scilicet
1662 4046 1697 4108 in
1720 4046 1845 4113 Christi
1874 4069 1991 4132 corpus
2020 4048 2137 4114 insitus
2164 4050 2235 4114 luit.
2279 4049 2376 4131 Quod
2398 4051 2426 4113 si
2448 4048 2491 4113 ab

473 4141 604 4201 ‘uotumr
628 4139 664 4199 ut
690 4136 796 4218 oratio
818 4133 882 4199 Dei
907 4153 968 4216 pro
997 4135 1138 4200 cautibus
1164 4139 1304 4217 yusturet
1324 4139 1460 4200 mortem.
1511 4130 1600 4194 omni
1624 4128 1686 4195 Dei
1710 4132 1921 4198 beneficentia
1944 4145 2098 4200 arcentur
2119 4134 2278 4217 homines,
2309 4136 2410 4200 donec
2433 4156 2491 4218 per

1511 4216 1680 4282 Christum
1697 4218 1772 4283 iacti
1787 4231 1951 4302 compotes
1967 4221 2106 4285 tueriott
2127 4221 2284 4304 sequitur,
2308 4220 2490 4286 dominium

567 4305 596 4370 5.
629 4305 703 4372 Nou
731 4307 813 4371 euim
839 4305 966 4390 uncatis.
1018 4305 1094 4372 Alio
1122 4316 1315 4391 argumento
1345 4326 1460 4371 rursus
1510 4301 1603 4384 illud,
1618 4305 1710 4366 onius
1727 4305 1871 4385 psalmus
1887 4307 2045 4386 meminit,
2058 4308 2150 4371 nobis
2166 4308 2301 4390 periisse
2315 4308 2351 4371 in
2366 4306 2490 4372 Adam:

482 4390 597 4474 probat
630 4391 845 4457 obediendum
878 4392 1012 4458 Christo
1045 4414 1130 4459 esse:
1168 4395 1244 4475 quia
1281 4393 1330 4457 illi
1367 4404 1459 4475 pater
1510 4388 1647 4469 ideoque
1669 4388 1709 4452 de
1732 4391 1860 4474 integro
1881 4402 2033 4475 oportere
2070 4393 2161 4457 nobis
2198 4392 2406 4458 donationem
2439 4393 2489 4456 in·

480 4478 583 4541 totius
602 4476 688 4542 orbis
707 4479 879 4562 imperium
907 4478 1054 4558 contulit,
1077 4498 1177 4561 aquo
1202 4479 1324 4544 honore
1347 4478 1459 4560 procul
1510 4476 1662 4538 staurari.
1713 4476 1817 4540 Porro
1845 4478 2040 4543 instauratio
2069 4499 2088 4542 a
2116 4478 2250 4544 Christo
2284 4490 2439 4561 tanquam
2469 4497 2489 4543 a

482 4565 601 4628 absunt
623 4563 743 4648 augeli.
787 4563 883 4629 Unde
905 4565 1063 4646 sequitur,
1092 4565 1176 4629 nihil
1199 4565 1382 4648 angelicum
1407 4566 1459 4627 de-
1510 4561 1615 4644 oapite
1636 4562 1759 4645 incipit.
1799 4562 1873 4627 Non
1896 4571 1948 4629 est
1970 4585 2048 4648 ergo
2070 4564 2202 4630 dubium
2225 4564 2304 4646 quin
2329 4566 2489 4648 respicere

479 4648 556 4715 bere
584 4670 656 4715 esse
681 4650 915 4732 impedimento
943 4652 1117 4731 quominus
1139 4653 1177 4730 is,
1201 4653 1257 4733 qui
1281 4651 1458 4733 primatum
1510 4649 1545 4710 in
1567 4646 1674 4729 ipsum
1698 4649 1871 4713 debeamus
1893 4651 2020 4732 quoties
2041 4652 2151 4733 agitur
2173 4650 2213 4716 de
2236 4651 2378 4715 hominis
2400 4651 2489 4732 prin·

480 4735 571 4800 solus
601 4745 699 4818 tenet,
731 4737 883 4800 emineat.
928 4733 993 4800 Sed
1023 4739 1128 4818 primo
1151 4736 1220 4802 loco
1243 4735 1460 4800 excutiendus
1510 4735 1617 4816 cipatu
1649 4735 1682 4797 in
1712 4755 1825 4799 omnes
1857 4748 2033 4801 creaturas.
2085 4735 2161 4802 Huc
2191 4757 2318 4819 qnoque
2348 4738 2490 4817 pertinet

480 4831 530 4883 est
559 4820 705 4903 psalmus
734 4842 831 4904 quem
858 4821 1005 4888 adducit:
1036 4824 1112 4904 quia
1134 4823 1263 4887 videtur
1286 4823 1395 4904 inepte
1418 4821 1459 4883 ad
1511 4820 1594 4901 quod
1618 4821 1810 4884 nominatim
1826 4821 1910 4884 dixit
1927 4821 2103 4904 apostolus,
2124 4826 2259 4887 orbem
2283 4823 2487 4886 futurum:

481 4904 651 4972 Christum
675 4906 771 4972 trahi.
805 4906 1048 4973 Commemorat
1069 4909 1136 4973 illic
1159 4906 1269 4971 David
1292 4908 1459 4983 beneficia,
1511 4905 1630 4988 accipit
1657 4908 1744 4970 enim
1774 4927 1834 4990 pro
1864 4920 2030 4972 renovato.
2080 4908 2177 4986 Quod
2205 4918 2243 4973 ut
2270 4907 2390 4972 clarius
2420 4909 2489 4990 fiat,

475 4991 597 5074 ¹quibus
631 4992 812 5057 humanum
846 5014 950 5076 genus
981 4995 1188 5077 prosequitur
1216 4991 1318 5058 Deus.
1368 4993 1460 5057 Post·
1510 4992 1732 5074 concipiamus
1771 4993 1891 5057 animis
1932 4993 2091 5075 duplicem
2132 4994 2306 5058 mundum:
2347 4994 2488 5075 priorem

479 5096 577 5161 quam
608 5079 696 5142 enim
724 5078 759 5141 in
788 5080 878 5144 coelo
900 5089 932 5144 et
954 5080 1057 5145 stellis
1079 5079 1296 5145 consideravit
1318 5079 1381 5144 Dei
1405 5098 1459 5160 po·
1511 5090 1677 5141 vetustum
1706 5079 1761 5160 qui
1792 5090 1921 5160 peccato
1943 5079 2035 5142 Adae
2057 5091 2228 5160 corruptus
2250 5085 2318 5142 est:
2348 5079 2488 5145 alterum

479 5164 631 5242 tentiam,
648 5165 688 5227 ad
703 5163 853 5229 homiues
869 5163 1044 5241 descendit,
1064 5164 1234 5247 inquibus
1252 5165 1460 5247 peculiariter
1504 5161 1625 5226 ordine
1646 5167 1869 5246 posteriorem,
1891 5174 1928 5229 ut
1949 5176 1999 5228 est
2017 5184 2073 5245 per
2088 5163 2257 5228 Christum
2276 5165 2488 5232 instauratus.

480 5259 614 5333 apparet
643 5251 801 5315 mirabilis
828 5251 898 5314 eius
928 5251 1064 5315 bonitas.
1109 5252 1199 5335 Ergo
1231 5271 1296 5314 uon
1325 5250 1364 5314 de
1394 5271 1459 5313 uno
1511 5246 1626 5313 Status
1648 5251 1735 5313 enim
1754 5250 2066 5332 primaeoreationis
2087 5249 2256 5333 obsolevit,
2279 5263 2317 5314 et
2336 5271 2490 5318 unacum

480 5337 630 5418 quopiam
662 5335 795 5400 homine
824 5336 980 5417 loquitur,
1013 5336 1070 5400 sed
1100 5334 1140 5399 de
1169 5337 1342 5401 universis.
1393 5337 1458 5399 Re·
1512 5335 1644 5398 homine
1665 5335 1780 5401 cecidit
1803 5336 1909 5417 quoad
1931 5336 2038 5417 ipsum
2062 5336 2237 5403 hominem.
2272 5337 2361 5419 Ergo
2383 5337 2490 5418 quoad

472 5422 633 5504 spondeo,
662 5421 723 5486 hoc
745 5433 849 5486 totum
871 5442 936 5484 non
959 5424 1087 5487 obstare
1110 5423 1283 5504 quominus
1306 5422 1459 5503 restringi
1512 5439 1597 5484 nova
1613 5422 1672 5485 fiat
1691 5423 1852 5486 restitutio
1871 5442 1928 5503 per
1943 5421 2123 5498 Christum,
2148 5422 2291 5503 psalmus
2313 5422 2367 5487 hic
2382 5422 2489 5487 locum

480 5506 619 5573 debeant
635 5507 966 5573 istaeseutentiaoad
983 5507 1107 5574 Christi
1124 5527 1305 5591 personam.
1339 5507 1460 5572 Fateor
1511 5526 1578 5571 nou
1608 5504 1746 5572 habebit.
1792 5508 1890 5572 Nunc
1917 5522 2053 5590 apparet
2081 5527 2146 5571 non
2170 5508 2279 5574 vocari
2304 5508 2415 5572 orbem
2438 5508 2489 5572 fu-

475 5595 610 5677 ,quidem
641 5595 735 5657 initio
757 5592 944 5658 collocatum
969 5595 1067 5659 luisse
1089 5593 1252 5658 hominem
1276 5595 1311 5657 in
1329 5612 1459 5676 possea·
1512 5598 1621 5658 turum
1653 5593 1814 5657 duntaxat
1843 5595 1971 5676 qualem
2001 5615 2019 5659 e
2047 5596 2282 5660 resurrectione
2310 5613 2491 5677 speramus,

479 5681 581 5746 sione·
598 5678 730 5760 mundi,
762 5688 798 5743 ut
826 5676 977 5745 omnibus
1006 5679 1070 5744 Dei
1095 5680 1249 5763 operibus
1277 5689 1475 5764 praeesset:⁴
1511 5680 1568 5745 sed
1597 5681 1652 5761 qui
1681 5681 1787 5763 coepit
1815 5679 1857 5743 ab
1885 5677 2019 5745 exordio
2051 5680 2146 5763 regni
2174 5677 2316 5746 Christi:
2348 5681 2488 5764 comple·
