5650 6759
780 1875 963 1958 CAPUT
985 1875 1018 1956 l,
1440 1876 1480 1943 ab
1503 1876 1615 1943 eleotis
1637 1875 1786 1954 discerni,
1812 1880 1909 1959 prout
1931 1874 2067 1958 quisque
2089 1875 2151 1942 hao
2174 1874 2227 1941 rel
2250 1874 2306 1941 illa
2327 1883 2420 1944 sorte

1439 1962 1560 2048 dignus
1574 1972 1634 2028 eet.
1664 1961 1837 2045 Soriptura
1854 1970 1965 2027 autem
1983 1960 2103 2045 ubique
2121 1960 2186 2026 Dei
2205 1961 2417 2046 propositum,

496 2047 524 2111 1.
547 2045 660 2112 Petrus
682 2046 841 2130 maiolus
858 2046 933 2110 Iesu
949 2044 1077 2127 Christi,
1099 2047 1199 2114 eoois
1217 2047 1387 2130 inquilinis
1438 2049 1473 2113 in
1506 2067 1571 2132 quo
1598 2048 1738 2113 fundata
1766 2056 1815 2113 est
1848 2057 1962 2113 nostra
1994 2045 2097 2128 salus,
2131 2047 2259 2113 meritis
2291 2047 2418 2114 nostris

406 2135 461 2218 qai
494 2133 634 2214 dispersi
667 2137 741 2198 aaut
767 2151 829 2215 per
863 2130 1014 2214 Pontum,
1046 2133 1226 2210 Galatiam,
1262 2133 1386 2218 Coppa-
1438 2134 1584 2218 opponit.
1636 2133 1749 2215 Quum
1775 2154 1853 2218 ergo
1881 2133 2002 2199 Petrus
2028 2133 2146 2198 eleetos
2177 2140 2270 2201 vooat
2298 2153 2422 2206 seeun-¹

406 2220 543 2299 doniam,
569 2219 703 2294 Arium,
737 2223 765 2282 et
792 2216 995 2300 Bithyniam,
1039 2220 1070 2284 2.
1099 2220 1268 2286 secundm
1292 2241 1384 2303 proe-
1438 2219 1516 2285 dum
1550 2219 1846 2303 praecognitionem
1881 2219 1957 2297 Dei,
1990 2218 2154 2302 signifieat
2186 2240 2250 2285 non
2282 2218 2417 2286 aliunde

405 2305 611 2457 iim
631 2303 1387 2471 gemmeam,
1438 2305 1677 2457 titl'tt‘t
1690 2302 2170 2457 ‘ttttttittldt
2191 2302 2418 2458 bittit

402 2476 512 2562 gratio
532 2473 622 2541 uobis
643 2479 671 2540 et
689 2494 758 2559 poa
779 2411 1068 2557 mottptoeorw
1376 2441 1384 2457 θ
1438 2412 1575 2543 ineritq
1602 2413 1692 2562 llrgb)
1723 2476 1787 2544 Dei
1820 2411 2043 2562 prffooguitio
2077 2411 2253 2543 submlglet
2283 2495 2417 2542 omnem

1438 2562 1603 2628 humanae
1625 2561 1795 2648 dignitatis
1817 2573 2010 2646 respeotum.
2047 2560 2122 2644 Qua
2144 2561 2184 2629 de
2206 2582 2243 2628 re
2264 2559 2416 2629 diffusius

494 2647 524 2713 1.
548 2646 664 2713 Petras
684 2645 854 2730 oportebat.
898 2645 1067 2732 Quidquid
1091 2669 1263 2715 eommune
1284 2649 1385 2716 habet
1438 2649 1652 2715 mutavimus
1682 2647 1901 2731 Ephesiorum
1930 2646 2036 2731 primo
2065 2647 2186 2732 eapite,
2215 2651 2250 2712 et
2278 2645 2353 2714 aliis
2380 2648 2416 2713 in

407 2734 488 2801 haee
516 2732 672 2800 salutatio
701 2751 776 2798 oum
804 2731 968 2813 Paulinis,
998 2752 1119 2802 novem
1149 2735 1383 2819 expositionem
1437 2733 1528 2801 loeis.
1583 2733 1866 2817 Quemadmodum
1903 2740 2014 2799 tamm
2050 2733 2085 2799 in
2115 2732 2271 2800 eleotione
2302 2739 2416 2800 nostm

406 2843 473 2887 non
506 2818 680 2885 desiderat.
731 2818 843 2900 Quum
876 2818 1001 2886 Paulus
1033 2820 1173 2905 gratiam
1205 2830 1238 2889 et
1270 2841 1383 2905 paoem
1438 2820 1561 2904 primae
1582 2819 1726 2905 gratuito
1743 2819 1805 2885 Dei
1820 2818 2022 2903 beneplaoito
2036 2816 2199 2905 assignat:
2223 2819 2271 2885 ita
2284 2838 2417 2886 rursum

405 2919 567 2991 predatur,
597 2904 734 2972 verbnm
762 2904 918 2972 subtioet:
947 2905 1068 2973 Petrus
1095 2915 1206 2973 autem
1228 2906 1319 2973 addit
1342 2915 1385 2973 ut
1437 2905 1511 2972 vult
1533 2926 1606 2972 sam
1627 2925 1672 2972 ex
1693 2904 1812 2971 effeotn
1833 2925 1853 2971 a
1875 2904 1970 2971 nobis
1998 2905 2160 2990 oognosei.
2205 2904 2299 2971 Nihil
2325 2904 2417 2971 enim

406 2989 739 3074 multiplioetur,
772 2990 828 3056 sed
859 2990 973 3058 eodem
1001 3012 1109 3058 sensu.
1153 2992 1267 3077 Neque
1295 2993 1384 3059 enim
1438 2990 1652 3075 perionloaiue
1666 3013 1704 3059 ao
1718 2990 1824 3074 magis
1842 3000 2089 3075 praeposterum
2104 2998 2164 3070 eet,
2184 3011 2283 3075 quam
2297 2990 2418 3057 amima

406 3077 532 3163 gratiae
564 3085 622 3142 aut
654 3077 744 3160 paois
776 3076 907 3143 initium
942 3076 1093 3144 fidelibus
1126 3077 1250 3145 Paulus
1282 3089 1383 3163 optat,
1440 3077 1624 3158 sooatione,
1654 3077 1824 3144 eleotionis
1852 3088 1982 3144 nostrae
2005 3075 2238 3144 eertitndinem
2259 3095 2418 3161 quaerere

406 3163 463 3231 sed
486 3170 709 3248 augmentum,
739 3162 841 3230 donee
870 3161 1020 3230 absolvat
1040 3164 1132 3232 Deus
1154 3164 1238 3248 quod
1261 3160 1296 3230 ih
1317 3164 1385 3231 illis
1439 3164 1473 3229 in
1505 3163 1695 3231 absoondita
1722 3161 1788 3230 Dei
1818 3163 2041 3248 praeeoieutia.
2097 3162 2163 3229 Hie
2196 3163 2285 3229 enim
2319 3160 2418 3229 nimis

406 3250 522 3334 eoepit.
1439 3248 1622 3332 profundus
1643 3259 1694 3316 eet
1716 3247 1933 3335 labyrinthus.
1979 3248 2091 3330 Quare
2114 3257 2149 3314 ut
2171 3247 2249 3316 haio
2271 3246 2418 3334 perioulo

492 3333 622 3402 hluto.
675 3333 797 3415 Quaeri
828 3341 936 3418 potest
968 3333 1057 3401 uude
1089 3334 1151 3404 hoo
1183 3345 1384 3420 oompertum
1439 3344 1591 3402 ooourrat
1611 3335 1740 3415 Petrus,
1769 3337 1928 3419 optimum
1954 3337 2252 3419 temperamentum
2275 3332 2417 3401 adhibet

406 3421 577 3520 habuerit:
611 3440 687 3485 narn
704 3440 837 3518 'aroana
865 3430 917 3487 est
944 3419 1009 3520 llei
1037 3421 1168 3522 eleotio,
1202 3443 1261 3490 neo
1290 3423 1385 3523 aliter
1440 3420 1647 3524 Quemquam
1674 3423 1763 3522 enim
1792 3421 1900 3506 primo
1929 3420 2010 3520 looo¹
2027 3419 2102 3521 snit
2130 3420 2332 3520 eonsiderari
2355 3417 2418 3486 Dei

406 3506 1386 3692 tutelheim,§debititate'extitit
1439 3505 1628 3659 tetih
1660 3526 2109 3674 tetuttdtttttt?
2129 3527 2211 3677 itt>
2225 3515 2418 3691 aliialii}

407 3679 604 3758 testimonio,
627 3687 675 3744 sta
697 3677 737 3744 de
758 3677 831 3744 ahie
854 3677 938 3745 mhil
953 3678 1034 3745 oerti
1048 3687 1147 3745 tenet.
1180 3679 1386 3765 Respondeo,
1439 3688 1586 3746 nostram
1616 3679 1710 3746 nobis
1737 3678 1882 3745 declarat
1909 3700 1947 3746 ao
1976 3686 2129 3746 metatur.
2184 3677 2332 3745 Effaotns
2360 3675 2418 3742 rlle

407 3764 447 3831 de
476 3764 617 3831 fratrum
646 3763 805 3831 eleotione
835 3784 902 3830 non
932 3784 1003 3832 esse
1032 3766 1129 3832 anxie
1151 3764 1386 3850 quaerendum,
1439 3773 1491 3831 eet
1522 3765 1658 3849 spiritus
1679 3766 1909 3849 sanetifioatio,
1942 3764 2003 3831 hoo
2035 3773 2095 3848 est,
2128 3765 2256 3832 voeatio
2289 3762 2418 3840 effiuax,

406 3849 464 3918 sed
487 3871 507 3917 a
529 3850 698 3918 venatione
720 3850 829 3934 potins
851 3849 1103 3917 aestimandam:
1133 3863 1169 3919 ut
1194 3872 1253 3937 pro
1274 3850 1387 3919 eleotis
1440 3850 1519 3916 dum
1541 3849 1583 3917 ad
1611 3857 1782 3918 externam
1805 3850 1970 3937 evangelii
1997 3850 2272 3935 praedieationem
2294 3846 2418 3918 aooedit

406 3937 592 4005 habeantur
621 3936 806 4020 quionnque
835 3957 895 4020 per
920 3936 1017 4003 fidem
1045 3936 1080 4002 in
1109 3936 1280 4005 euolssiam
1308 3947 1386 4005 eunt
1439 3936 1531 4021 fides,
1553 3956 1638 4021 qnae
1661 3957 1703 4002 ex
1723 3937 1879 4003 interiore
1901 3937 2035 4021 spiritus
2057 3943 2150 4003 mutu
2171 3936 2328 4004 naseitur.

406 4023 556 4108 ooopteti.
591 4022 658 4089 llos
680 4022 769 4088 enim
786 4022 880 4088 Deus
901 4042 921 4088 a
943 4021 1070 4107 reliquo
1086 4023 1208 4090 mundo
1223 4030 1386 4110 segregat,
1526 4023 1713 4106 Iaqoiliuis.
1757 4022 1824 4105 Qui
1854 4021 2073 4107 metaphorioe
2100 4022 2148 4089 sio
2170 4021 2280 4090 sonari
2301 4022 2418 4106 putant

405 4108 495 4194 quod
517 4109 685 4175 eleotionis
706 4108 838 4193 signum
859 4117 921 4175 eet.
956 4107 1027 4175 Neo
1049 4110 1158 4176 obstat
1178 4110 1264 4193 quod
1287 4110 1385 4194 pleri·
1439 4108 1600 4194 quoslibet
1629 4109 1714 4193 pios,
1745 4109 1823 4194 quia
1851 4109 1887 4173 in
1917 4107 2040 4174 mundo
2068 4107 2235 4194 peregrini
2265 4108 2333 4174 siut
2359 4104 2417 4190 qni

407 4216 471 4279 qne
493 4195 659 4274 definiunt,
688 4194 725 4260 in
747 4192 945 4279 quibusdam
967 4214 1057 4260 mera
1079 4204 1129 4261 est
1151 4195 1386 4263 dissimulatio:
1440 4194 1483 4261 ad
1512 4193 1684 4260 eoelestem
1715 4196 1855 4280 patriam
1877 4194 2088 4275 oontenduut,
2117 4192 2219 4279 longe
2239 4192 2417 4261 falluntur:

406 4292 457 4347 est
486 4282 573 4347 onim
604 4279 667 4346 hoo
696 4280 859 4362 oaritatie,
889 4302 955 4347 non
977 4280 1054 4347 fidei
1076 4280 1251 4365 indioium,
1283 4302 1385 4366 quum
1440 4291 1473 4348 et
1502 4281 1583 4347 satis
1611 4279 1715 4347 refelli
1745 4289 1852 4366 potest
1879 4300 1993 4346 eorum
2023 4300 2115 4347 error
2142 4299 2184 4345 ex
2208 4277 2419 4364 dispersionis

407 4365 529 4434 eleetos
550 4386 723 4440 oensemus
740 4386 855 4434 omnee
869 4366 906 4432 in
922 4365 1039 4451 quibus
1056 4366 1187 4434 divinae
1199 4367 1386 4451 adoptionis
1440 4367 1572 4433 nomine
1601 4365 1687 4450 quod
1714 4366 1864 4450 proxime
1890 4365 2047 4449 sequitur.
2092 4363 2175 4432 Nam
2196 4365 2232 4430 in
2254 4365 2341 4434 solos
2362 4364 2417 4431 Iu·

407 4457 488 4519 nota
517 4462 662 4538 apparet.
707 4451 806 4534 Quod
837 4460 947 4519 antem
970 4452 1163 4520 eleetionem
1185 4474 1298 4521 eorum
1320 4475 1385 4520 non
1441 4453 1538 4520 daeos
1559 4453 1724 4537 oompetit,
1746 4473 1812 4518 non
1830 4460 1960 4518 tantum
1978 4452 2055 4536 quia
2069 4451 2134 4519 huo
2148 4460 2183 4518 et
2196 4449 2277 4520 illue
2291 4449 2417 4518 dieieoti

408 4546 500 4623 petet
533 4561 575 4606 ex
607 4538 798 4606 abeoondito
826 4538 891 4605 Dei
923 4538 1073 4620 oonsilio,
1105 4539 1162 4605 sed
1195 4561 1237 4605 ex
1267 4540 1387 4607 effeotn
1441 4537 1679 4606 exsulabanta
1723 4539 1817 4621 atria,
1839 4537 1896 4604 sed
1919 4538 2073 4621 quoniam
2094 4537 2190 4604 eieoti
2211 4546 2307 4604 eram
2323 4558 2366 4603 ex
2380 4554 2418 4602 aa

408 4645 480 4690 eam
511 4625 655 4711 oolligat,
685 4635 782 4710 patet>
799 4644 842 4690 ex
863 4631 1029 4692 oontextu.
1073 4624 1161 4692 Nam
1183 4625 1280 4709 paulo
1295 4638 1386 4794 gost,
1441 4635 1538 4706 terra,
1568 4644 1651 4707 quae
1682 4625 1689 4637 '
1720 4623 1727 4639 '
1775 4624 2022 4707 inperpetuum
2048 4622 2286 4691 haereditatem
2307 4645 2328 4688 a
2350 4623 2417 4688 Do·

408 4710 924 4778 eaminsanotiiioatione
951 4711 1253 4796 spirituslooat.
1329 4732 1386 4778 ua·
1440 4712 1530 4777 mino
1552 4711 1713 4795 promissa
1734 4723 1815 4776 erat.
1860 4708 1988 4777 Omnes
2009 4709 2140 4793 quidem
2170 4707 2282 4776 fideles
2302 4718 2417 4793 postea

410 4806 506 4862 tenus
528 4816 606 4880 ergo
628 4819 707 4882 prae
729 4818 764 4864 se
779 4796 929 4865 iersbant
946 4818 981 4862 se
996 4796 1060 4863 Dei
1078 4798 1195 4881 spiritu
1211 4797 1386 4883 regenitus,
1441 4796 1571 4864 roosbit
1591 4796 1776 4881 inquilinos,
1800 4797 1877 4880 quia
1898 4797 1932 4861 in
1955 4805 2044 4862 terre
2064 4795 2332 4881 peregrinantum
2357 4792 2417 4860 sed

409 4881 445 4947 in
476 4881 586 4947 electis
607 4883 672 4949 Dei
700 4885 788 4967 ipsos
817 4891 986 4950 numerate
1016 4883 1183 4968 quianon
1205 4884 1387 4951 sanetifioat
1440 4882 1496 4951 hio
1516 4883 1581 4948 alia
1603 4892 1653 4948 est
1675 4883 1768 4949 ratio.
1802 4881 1881 4948 Ideo
1903 4882 2014 4964 itaque
2031 4881 2186 4965 inquilini
2202 4883 2307 4959 eraut,
2329 4876 2417 4966 qnod

409 4965 502 5034 Deus
524 4967 588 5033 nisi
610 4988 692 5051 quoe
713 4971 806 5055 prius
828 4969 936 5056 elegit.
971 4967 1078 5037 Simul
1101 4978 1212 5036 nmen
1233 4970 1387 5036 admonet
1440 4989 1516 5055 pars
1538 4970 1571 5034 in
1594 4968 1749 5049 Pontum,
1778 4988 1853 5052 pars
1877 4968 1913 5033 in
1936 4967 2112 5048 Galatiam,
2140 4987 2217 5051 pars
2238 4966 2275 5032 in
2295 4964 2417 5051 Bithy·

409 5053 497 5121 unde
527 5054 610 5119 fluat
638 5054 752 5122 elaotio
782 5076 847 5139 qua
875 5075 1089 5142 segregamur
1109 5056 1143 5121 in
1168 5056 1317 5134 salutem,
1344 5075 1387 5122 ne
1440 5055 1531 5120 niam
1553 5053 1700 5138 dispersa
1721 5066 1801 5120 erat.
1838 5053 1908 5121 Neo
1930 5052 2052 5118 mirum
2073 5054 2160 5138 quod
2177 5051 2311 5119 Iudaeis
2333 5051 2417 5118 hano

408 5161 484 5208 uum
498 5137 621 5205 mundo
637 5159 823 5222 pareamus:
847 5142 925 5210 dioit
938 5142 1026 5209 enim
1042 5141 1254 5209 seeundum
1276 5163 1387 5226 prae·
1439 5140 1610 5224 epistolam
1634 5140 1764 5225 proprie
1784 5139 1941 5207 destinet:
1964 5140 2041 5224 quia
2062 5139 2188 5206 soiebat
2208 5137 2276 5205 illis
2293 5158 2331 5206 se
2345 5158 2417 5206 oon·
2529 5224 2532 5230 Ι

408 5225 707 5312 cognitionem.
751 5227 818 5294 Hie
847 5229 983 5312 inquam
1013 5228 1086 5295 lons
1115 5237 1148 5292 et
1177 5227 1258 5295 haee
1280 5228 1386 5312 prima
1439 5227 1592 5293 stitutum
1624 5225 1822 5309 apostolum,
1856 5222 2129 5310 quemadmodum
2162 5223 2291 5291 Paulus
2324 5224 2418 5292 dooet
2516 5242 2533 5261 ⁴

408 5333 507 5379 eausa
535 5322 594 5390 est,
627 5310 714 5398 quod
736 5313 827 5379 Deus
853 5314 939 5398 apud
962 5334 998 5379 ee
1026 5323 1102 5380 ante
1124 5328 1269 5380 ereetum
1292 5332 1386 5379 mun·
1439 5312 1582 5379 seeundo
1600 5311 1642 5377 ad
1665 5311 1802 5379 Gnatae
1831 5312 1939 5395 eapite
1962 5309 2009 5395 (v.
2029 5309 2074 5396 8).
2118 5309 2191 5377 Sub
2218 5310 2417 5397 regionibus,
2512 5335 2533 5363 α

409 5397 487 5463 dum
516 5399 669 5483 cognovit
697 5418 778 5482 quos
802 5398 924 5484 eligere
946 5398 1045 5466 vellet
1066 5399 1101 5465 in
1123 5398 1273 5466 salutem.
1317 5397 1384 5466 Sed
1439 5419 1522 5482 quas
1543 5408 1723 5479 enumerat,
1752 5397 1999 5482 eomprehendit
2028 5405 2133 5463 totum
2155 5396 2257 5464 Adae
2279 5397 2416 5464 minens
2498 5397 2533 5439 ¹¹

409 5483 587 5568 prudenter
609 5483 792 5551 notandum
814 5496 865 5550 eet
878 5484 984 5568 qualis
999 5488 1042 5552 sit
1057 5484 1137 5552 heeo
1151 5485 1383 5571 praeoognitio.
1439 5492 1592 5561 traotum,
1615 5505 1636 5548 a
1656 5484 1763 5550 Ponto
1786 5483 1919 5549 Euxino
1942 5503 2045 5566 usqne
2067 5483 2102 5548 in
2120 5482 2374 5568 Cappadooiam.

409 5567 583 5653 Sophistae
604 5572 692 5638 enirn
715 5579 754 5636 ut
772 5569 837 5637 Dei
859 5572 996 5655 gratiam
1019 5571 1204 5652 obseurent,
1226 5572 1384 5656 uniusque
1525 5570 1569 5635 Io
1589 5568 1800 5636 οὺεᾶίοηιίαηι.
1837 5569 1949 5651 Quom
1971 5569 2224 5636 sanetifioationi
2246 5569 2313 5635 duo
2336 5569 2417 5636 haeo
2438 5564 2533 5619 ί

408 5656 524 5722 merita
546 5655 652 5724 aDeo
674 5655 861 5740 praesideri
882 5657 1031 5739 fingunt:
1055 5665 1154 5741 atque
1169 5658 1215 5723 ita
1229 5657 1383 5742 reprobos
1437 5655 1598 5733 subiieiat,
1618 5653 1749 5722 videtur
1762 5654 1966 5721 obedientiae
1982 5655 2113 5721 nomine
2128 5654 2315 5741 intelligere
2330 5657 2415 5722 sitae
2439 5647 2533 5705 4
