5650 6759
467 752 512 820 19
1230 752 1374 821 EPIST.
1397 750 1463 820 ΔΙ)
1486 750 1737 818 HEBRAEOS
2445 749 2491 817 20

467 951 615 1032 novatio,
636 968 733 1034 qnam
756 951 835 1017 coeli
858 971 985 1034 qnoque
1004 949 1105 1016 veluti
1124 950 1375 1033 parturientium
1399 949 1452 1013 de·

471 1036 591 1103 siderio
613 1045 813 1119 exspectant,
843 1037 906 1102 nisi
929 1035 1014 1119 quod
1037 1035 1077 1100 ad
1101 1035 1269 1100 interitum
1293 1055 1381 1100 nunc
1403 1036 1451 1099 in·

470 1121 617 1188 atinent?
662 1122 838 1189 Caeterum
876 1122 1077 1206 perpetuitas
1110 1117 1243 1199 Christi,
1282 1139 1365 1202 quae
1397 1119 1451 1185 hic

470 1207 731 1286 commendatur,
770 1208 923 1273 eximiam
961 1208 1056 1272 effert
1094 1207 1154 1289 piis
1191 1204 1452 1284 consolationem,

471 1314 553 1377 quos
575 1295 646 1359 eins
668 1295 736 1359 lore
758 1294 933 1376 participes
956 1292 1098 1376 psalmus
1121 1290 1252 1356 tandem
1276 1289 1451 1357 concludit.

470 1377 753 1462 Quemadmodum
770 1379 924 1445 Christus
945 1399 980 1443 se
1002 1388 1035 1442 ct
1057 1398 1116 1443 sua
1138 1377 1343 1458 corporisne
1366 1397 1451 1442 com·

471 1467 626 1531 manicat.

558 1551 610 1615 13.
633 1551 688 1616 Aa
709 1570 798 1633 wera
819 1569 892 1614 vero
909 1548 1097 1632 eupatorem.
1131 1548 1261 1613 Rursus
1279 1548 1344 1613 alio
1363 1548 1453 1613 testi·

471 1637 581 1702 monio
604 1635 731 1702 Christi
753 1636 986 1719 praestantiam
1011 1633 1155 1698 extollit:
1183 1633 1319 1698 atinde
1344 1645 1452 1716 pateat

471 1732 631 1806 quantum
670 1721 810 1787 emineat
846 1741 946 1804 supra
982 1719 1125 1803 angelos.
1182 1719 1290 1785 Locus
1327 1725 1378 1784 est
1410 1741 1452 1783 ex

470 1808 605 1874 Psalmo
621 1807 695 1891 110,
712 1807 740 1883 l,
763 1807 817 1889 qni
841 1806 972 1872 nonnisi
992 1804 1033 1871 de
1049 1803 1182 1871 Christo
1198 1807 1317 1887 exponi
1332 1813 1451 1888 potest.

472 1895 558 1959 Nam
591 1913 691 1976 quum
724 1892 856 1976 regibus
889 1892 981 1957 nefas
1017 1890 1118 1957 luerit
1152 1892 1314 1974 attingere
1348 1912 1453 1956 sacer·

473 1980 608 2058 dotium,
639 1990 720 2043 teste
742 1979 844 2044 Uriae
872 1976 981 2060 lepra:
1010 1986 1044 2041 et
1073 1986 1199 2044 constet
1222 1998 1326 2059 neque
1348 1975 1451 2041 Dari·

1504 948 1590 1012 Nam
1623 946 1684 1011 hac
1714 957 1806 1028 parte
1829 947 2012 1030 superiores
2035 954 2114 1011 sunt
2135 947 2298 1030 corporeis
2320 947 2487 1015 creaturis.

1505 1031 1572 1099 Sed
1602 1031 1782 1117 λειτουργία
1811 1052 1908 1116 qaam
1937 1033 2017 1114 ipsis
2045 1033 2198 1097 continuo
2225 1041 2299 1115 post
2327 1033 2486 1117 assignat,

1504 1119 1592 1202 eogit
1614 1139 1668 1183 eos
1692 1120 1725 1181 in
1748 1118 1913 1183 ordinem:
1940 1127 2052 1201 utpote
2081 1137 2163 1199 quae
2185 1119 2332 1201 opposita
2355 1125 2406 1182 ost
2430 1118 2487 1183 do·

1505 1205 1616 1269 minio.
1667 1204 1770 1287 quue
1802 1205 1989 1287 expressius
2023 1203 2165 1269 declarat
2200 1224 2302 1287 quum
2335 1203 2414 1270 dicit
2443 1206 2486 1271 in

1506 1291 1782 1355 ministerium.
1815 1290 1914 1354 Prius
1937 1289 2021 1354 enim
2045 1290 2225 1371 epithetum
2249 1289 2383 1373 perinde
2399 1291 2487 1356 valet

1506 1396 1543 1441 ec
1566 1376 1593 1442 si
1616 1374 1753 1441 dixisset
1775 1395 1846 1441 esse
1868 1374 2051 1440 olfioiarios.
2097 1375 2241 1440 Ministri
2262 1396 2341 1441 vero
2364 1396 2485 1441 nomen

1505 1460 1663 1527 humilius
1693 1473 1742 1526 est
1771 1480 1808 1527 ao
1838 1461 2005 1528 abiectius.
2057 1461 2118 1526 Est
2149 1461 2277 1544 quidem
2309 1461 2487 1529 honorifica

1506 1548 1646 1613 servitus
1679 1567 1776 1630 qaam
1810 1547 1955 1631 iniungit
1983 1547 2076 1612 Deus
2108 1547 2250 1631 angelis:
2285 1545 2346 1613 hoc
2378 1559 2487 1614 tamen

1506 1634 1575 1716 ipso
1594 1633 1678 1716 quod
1694 1634 1854 1713 serviunt,
1877 1643 1969 1717 patet
1983 1631 2080 1717 longe
2101 1632 2247 1716 dispares
2265 1653 2336 1698 esse
2352 1633 2486 1699 Christo

1506 1720 1560 1802 qui
1576 1718 1740 1784 Dominus
1760 1729 1810 1785 est
1825 1719 1981 1786 omnium.
2015 1716 2053 1785 si
2069 1720 2141 1801 quis
2157 1718 2295 1794 obiiciat,
2318 1716 2487 1785 Christum

1506 1805 1657 1871 similiter
1679 1805 1789 1870 vocari
1819 1804 2041 1888 compluribus
2062 1804 2142 1870 locis
2164 1815 2197 1870 et
2219 1825 2348 1870 servum
2373 1814 2406 1869 et
2428 1805 2487 1870 mi·

1506 1893 1657 1975 nistrum,
1678 1911 1737 1956 neo
1754 1891 1815 1957 Dei
1835 1890 1941 1969 modo,
1964 1890 2020 1956 sed
2038 1900 2187 1956 nostrum
2203 1910 2340 1975 quoque,
2367 1890 2487 1956 solutio

1505 1977 1541 2040 in
1571 1988 1722 2060 promptu
1753 1987 1812 2055 est,
1842 1995 1910 2041 non
1940 1997 2010 2042 esse
2033 1975 2093 2041 hoc
2116 1987 2260 2055 naturae,
2291 1975 2348 2040 sed
2371 1976 2487 2041 volun·

473 2065 557 2142 dem,
580 2084 686 2148 neque
709 2063 810 2128 alium
826 2063 1011 2148 quempiam
1035 2084 1078 2127 ex
1100 2063 1193 2144 regni
1212 2060 1452 2129 successoribus
1506 2064 1608 2126 tariae
1632 2062 1875 2140 exinanitionis,
1906 2061 2179 2145 quemadmodum
2200 2071 2341 2128 testatur
2362 2062 2487 2127 Paulus

471 2149 672 2218 sacerdotem
701 2150 799 2215 luisse
822 2148 1024 2214 ordinatum:
1054 2149 1210 2230 sequitur,
1239 2161 1305 2212 tam
1330 2168 1451 2214 novum
1505 2146 1661 2233 (Philipp.
1685 2148 1714 2224 2,
1740 2147 1791 2234 7):
1820 2160 1853 2214 et
1879 2148 2004 2213 interea
2035 2168 2167 2213 manere
2197 2147 2242 2212 illi
2272 2147 2486 2214 nihilomiuus

471 2256 610 2321 regnum
634 2255 730 2318 quam
754 2256 873 2299 novum
898 2234 1115 2301 sacerdotium
1138 2233 1192 2298 hic
1209 2232 1330 2314 induci,
1353 2255 1451 2316 quum
1506 2233 1667 2298 illibatum
1690 2256 1786 2298 suum
1810 2234 2039 2318 principatum.
2075 2232 2200 2300 Contra
2222 2243 2331 2298 autem
2354 2233 2487 2316 angelos

471 2321 558 2388 idem
581 2343 641 2387 rex
663 2331 695 2386 et
718 2321 868 2387 sacerdos
893 2320 1110 2385 constituitur.
1155 2317 1326 2384 Praeterea
1349 2334 1453 2383 aeter·
1507 2320 1542 2384 iu
1572 2319 1659 2384 hunc
1689 2321 1787 2384 finem
1817 2330 1943 2385 creatos
1971 2341 2042 2386 esse
2070 2330 2105 2384 ut
2126 2320 2287 2397 serviant,
2324 2329 2489 2401 totamque

473 2410 558 2473 nitas
588 2406 761 2475 sacerdotii
790 2406 824 2470 in
854 2405 959 2472 solum
982 2405 1151 2471 Christum
1175 2407 1335 2487 competit.
1381 2404 1451 2468 Iam
1507 2427 1622 2471 eorum
1644 2406 1863 2471 conditionem
1886 2405 2066 2471 ministerio
2084 2407 2253 2470 contineri.
2286 2404 2377 2490 Ergo
2401 2426 2489 2489 mag·

472 2495 567 2559 initio
601 2491 718 2575 psalmi
750 2490 929 2558 collocatur
961 2492 1001 2556 ad
1034 2492 1096 2556 Dei
1131 2489 1308 2555 dexteram.
1361 2489 1454 2570 Quae
1508 2513 1587 2556 num
1622 2504 1671 2556 est
1705 2491 1895 2557 discrimen:
1933 2492 2010 2574 quia
2042 2491 2126 2573 quod
2161 2491 2213 2555 his
2246 2490 2397 2555 naturale
2430 2503 2487 2570 eet,

472 2579 619 2662 loquutio
641 2576 692 2662 (ut
721 2579 787 2643 iam
818 2576 899 2664 dixi)
928 2576 1062 2661 perinde
1092 2576 1179 2642 valet
1205 2597 1242 2642 ac
1270 2578 1298 2640 si
1321 2577 1455 2641 daretur
1509 2577 1640 2642 Christo
1663 2587 1712 2642 est
1734 2578 1826 2661 qnasi
1850 2577 2076 2656 adventitium,
2106 2579 2214 2642 carnis
2237 2586 2367 2643 nostrae
2390 2597 2488 2659 quam

472 2665 521 2729 illi
550 2663 755 2730 secundusa
784 2674 875 2746 patre
904 2663 1002 2730 loeus.
1047 2663 1108 2728 Est
1133 2663 1221 2726 enim
1250 2662 1454 2746 metaphora,
1508 2663 1615 2727 induit
1650 2674 1810 2745 respectu.
1873 2662 1969 2743 Quod
1995 2662 2061 2728 illis
2091 2674 2141 2727 est
2171 2663 2402 2739 necessarium,
2433 2662 2488 2728 hic

478 2770 560 2832 qnae
589 2748 751 2834 significat
779 2748 873 2813 illum
903 2747 1004 2833 petris
1034 2768 1105 2814 asse
1128 2749 1299 2827 vicarium,
1326 2757 1360 2813 et
1387 2749 1453 2830 pri·
1508 2762 1624 2832 sponte
1654 2750 1763 2816 subiit.
1810 2750 1986 2814 Praeterea
2014 2750 2061 2814 sic
2085 2748 2232 2814 minister
2254 2758 2305 2813 est
2327 2747 2489 2828 Christus,

478 2835 618 2900 marium
650 2834 793 2918 legatum
823 2836 857 2899 in
885 2842 1045 2917 potestate
1073 2834 1269 2911 exercenda,
1305 2844 1341 2898 ut
1363 2843 1456 2917 pater
1509 2848 1546 2899 ut
1576 2836 1658 2899 nihil
1690 2836 1737 2900 illi
1772 2857 1812 2900 ex
1835 2836 1962 2917 imperii
1982 2836 2151 2899 maiestate
2174 2833 2308 2899 decedat
2331 2838 2429 2899 etiam
2452 2834 2489 2898 in

478 2931 595 3005 regnet
622 2940 837 3005 parmenam
860 2921 939 2986 eins.
984 2920 1089 2985 Nemo
1112 2933 1162 2984 est
1184 2920 1375 3003 angelorum
1399 2920 1455 3002 qui

478 3017 544 3073 tam
575 3007 787 3072 honorificam
821 3026 991 3091 personam
1020 3006 1187 3071 sustineat.
1239 3006 1328 3089 Ergo
1358 3006 1455 3088 longe

477 3093 628 3158 omnibus
649 3091 816 3176 praecellit
838 3091 1001 3158 Christus.

562 3178 670 3246 Donec
681 3197 809 3260 porrum.
843 3177 1007 3259 Quoniam
1024 3196 1190 3259 nunquam
1211 3177 1328 3242 desunt
1343 3178 1455 3243 hostes

476 3263 609 3331 Christo
638 3266 692 3347 qni
722 3284 858 3347 regnum
889 3265 958 3329 eins
988 3274 1189 3347 oppugnent,
1221 3261 1321 3327 videri
1344 3276 1456 3345 posset

476 3373 540 3415 non
559 3371 629 3416 esse
648 3360 741 3414 extra
756 3348 953 3431 periculum:
978 3350 1167 3431 praesertim
1188 3370 1288 3431 quum
1312 3350 1456 3431 polleant

474 3437 605 3521 magnis
629 3436 751 3501 viribus
774 3437 829 3519 qui
851 3434 933 3500 illud
958 3445 1105 3499 evertere
1127 3436 1316 3512 moliuntur,
1348 3435 1455 3500 varias

476 3521 618 3588 habeant
640 3531 736 3602 artes,
759 3521 879 3587 furioso
902 3540 1032 3586 rursum
1056 3522 1180 3604 impetu
1204 3521 1314 3586 omnia
1337 3541 1454 3586 conen·

476 3620 541 3672 tur.
593 3606 690 3673 Certe
723 3607 751 3672 si
785 3618 972 3690 reputemus
1006 3626 1089 3689 quae
1122 3615 1199 3671 suut
1229 3615 1306 3671 ante
1336 3607 1455 3685 oculos,

476 3691 608 3757 videtur
630 3691 766 3757 subinde
788 3695 952 3757 ruiturum
968 3692 1090 3758 Christi
1111 3711 1258 3776 regnum.
1292 3691 1359 3757 Sed
1377 3693 1457 3757 haec

476 3779 649 3863 promissio
680 3788 804 3844 metum
832 3778 925 3844 nobis
954 3799 1083 3842 omnem
1108 3778 1231 3856 adimit,
1263 3778 1349 3859 quod
1374 3800 1457 3841 nun·

476 3883 573 3947 quam
596 3862 786 3930 detrahetur
807 3863 962 3931 Christus
984 3886 1025 3928 ex
1047 3883 1106 3927 sua
1128 3864 1217 3928 sede:
1245 3868 1324 3946 quin
1347 3865 1456 3947 potius

476 3947 589 4016 hostes
621 3970 696 4015 suos
732 3969 846 4016 omnes
883 3958 1077 4034 prosternet.
1132 3949 1207 4013 Duo
1240 3950 1342 4034 igitur
1376 3950 1456 4015 haee

476 4034 621 4100 notanda
637 4045 724 4111 eunt,
741 4056 907 4118 nunquam
923 4038 1068 4118 quietum
1083 4036 1151 4100 fore
1166 4034 1291 4101 Christi
1308 4056 1455 4118 regnum,

475 4120 533 4187 sed
564 4121 681 4186 multos
710 4122 778 4186 lore
805 4120 854 4186 illi
875 4122 1010 4187 infestos
1033 4140 1051 4184 a
1073 4122 1189 4204 quibus
1212 4121 1375 4186 turbetur:
1404 4122 1456 4186 de·

477 4205 552 4271 inde
575 4206 732 4290 quidquid
754 4219 854 4290 agant
876 4206 996 4286 hostes,
1020 4228 1187 4289 nunquam
1204 4206 1454 4290 praevalituros:

477 4293 552 4375 quia
567 4291 693 4359 Christi
715 4295 816 4358 sessio
836 4292 878 4357 ad
900 4294 1001 4374 patris
1026 4292 1192 4357 dexteram
1216 4297 1352 4358 nonest
1374 4302 1455 4357 tem·

477 4379 617 4461 porario,
648 4377 704 4442 sed
728 4397 829 4461 nsque
852 4379 891 4442 ad
915 4380 1015 4443 finem
1036 4379 1160 4442 mnndi.
1205 4378 1320 4461 Itaque
1343 4398 1456 4443 omnes

476 4465 531 4546 qui
562 4465 633 4528 eius
662 4464 801 4546 imperio
831 4485 867 4529 se
897 4486 961 4530 uon
992 4464 1212 4541 submiserint,
1244 4466 1457 4547 proterendos

476 4570 547 4615 esse
569 4558 603 4613 et
624 4550 758 4633 pedibus
781 4550 852 4615 eius
874 4549 1054 4616 calcandos.
1089 4547 1127 4616 si
1146 4552 1219 4632 quis
1237 4564 1346 4615 autem
1363 4560 1457 4634 roget

477 4659 520 4700 au
544 4643 622 4699 tuuc
642 4635 823 4717 fiqiendum
846 4635 890 4701 sit
912 4635 1036 4701 Christi
1063 4657 1200 4720 regnum
1224 4657 1324 4719 quum
1347 4637 1457 4701 hostes

475 4742 552 4786 suos
589 4723 819 4804 prostraverit:
860 4723 1053 4804 respondeo,
1093 4732 1287 4804 perpetuum
1324 4722 1456 4804 quidem

478 4808 557 4884 fore,
588 4806 645 4871 sed
668 4828 706 4872 eo
729 4808 823 4873 modo
845 4827 940 4890 quem
964 4806 1088 4872 Paulus
1111 4805 1255 4872 declarat
1277 4807 1392 4889 prioris
1414 4807 1456 4872 ad

472 4890 668 4958 Corinthios
690 4893 796 4976 eapite
821 4893 870 4969 15,
893 4893 946 4958 25.
991 4891 1048 4958 Sic
1070 4894 1156 4956 enim
1188 4892 1373 4957 habendum
1396 4903 1455 4968 eet,

477 4978 587 5044 Deum
609 4986 689 5043 tuna
712 4979 805 5045 uobis
827 4980 860 5043 in
884 5002 919 5044 se
941 4980 1010 5060 ipso
1032 4980 1265 5060 appariturum,
1291 4979 1345 5063 qni
1369 4998 1457 5043 nunc

466 5065 512 5129 'in
547 5063 680 5130 Christo
717 5074 844 5133 tantum
879 5063 952 5129 vult
983 5065 1144 5148 cognosci.
1200 5065 1315 5147 Neque
1347 5076 1456 5128 tauma

466 5150 604 5217 'desinet
622 5150 774 5216 Christus
796 5161 894 5233 ceput
916 5171 986 5215 esse
1009 5150 1178 5215 hominum
1202 5160 1234 5214 et
1252 5150 1453 5232 angelorum:

477 5257 538 5301 nec
568 5250 738 5318 propterea
767 5237 944 5319 quidquam
975 5257 1017 5300 ex
1040 5236 1109 5301 eins
1136 5234 1258 5301 honore
1280 5237 1455 5301 minuetur.

477 5322 602 5471 vedum
634 5322 732 5387 huius
765 5323 965 5405 quaestionis
1001 5321 1119 5387 solutio
1153 5342 1192 5386 ex
1228 5343 1265 5387 eo
1299 5322 1368 5387 loeo
1401 5343 1456 5404 pe·

479 5423 532 5473 ten
557 5428 576 5472 a
598 5418 656 5472 est.

566 5493 618 5556 14.
651 5491 767 5558 Ancon
796 5512 907 5558 omnes.
960 5492 1035 5572 Quo
1068 5492 1184 5556 melius
1218 5493 1343 5559 eluceat
1374 5513 1458 5558 com·

478 5581 615 5662 paratio,
643 5598 729 5644 uuna
751 5577 881 5644 subiicit
903 5576 1009 5660 qualis
1030 5579 1074 5643 sit
1095 5579 1236 5644 conditio
1258 5579 1457 5664 angelorum.

1509 2942 1614 2986 carne.
1666 2922 1719 2987 Ex
1754 2921 1915 3003 praesenti
1949 2919 2018 2986 loco
2051 2920 2206 2985 eximiam
2238 2920 2488 2986 consolationem

1510 3008 1693 3090 percipiunt
1722 3007 1843 3084 fideles,
1878 3027 1977 3089 quum
2006 3006 2173 3071 ministros
2195 3005 2257 3070 sibi
2280 3007 2412 3070 attribui
2434 3025 2489 3070 au·

1509 3093 1603 3158 diunt
1631 3092 1786 3158 coelestes
1815 3093 1988 3166 exercitus,
2016 3102 2054 3156 ut
2079 3090 2217 3157 salutem
2245 3092 2390 3174 ipsorum
2414 3112 2488 3173 pro·

1508 3185 1634 3245 curent.
1669 3179 1730 3243 Est
1752 3179 1838 3242 enim
1864 3199 1929 3243 non
1950 3176 2085 3262 vulgare
2108 3177 2211 3242 divini
2233 3179 2267 3240 in
2291 3198 2349 3241 nos
2368 3177 2488 3242 amoris

1510 3265 1639 3348 pignus,
1662 3265 1783 3330 habere
1806 3264 1879 3329 illos
1902 3274 2013 3329 nostra
2035 3283 2133 3330 causa
2155 3263 2303 3328 assiduos
2322 3265 2355 3326 in
2379 3282 2487 3346 opere.

1509 3351 1598 3416 Hinc
1619 3352 1717 3414 etiam
1740 3361 1854 3415 manat
1874 3371 1948 3415 rara
1967 3350 2040 3415 fidei
2060 3351 2275 3428 confirmatio,
2298 3348 2384 3431 quod
2398 3346 2489 3413 salus

1509 3447 1623 3501 nostra
1638 3436 1758 3501 talibus
1781 3435 1951 3519 praesidiis
1967 3436 2094 3500 munita
2116 3437 2160 3500 sit
2186 3446 2279 3500 extra
2295 3436 2486 3514 pericnlum.

1508 3521 1642 3606 Optime
1663 3544 1743 3606 ergo
1765 3523 1950 3587 infirmitati
1974 3532 2104 3586 nostrae
2121 3522 2266 3587 consulit
2279 3520 2371 3586 Deus
2387 3541 2488 3603 quum

1509 3610 1591 3674 tales
1621 3608 1676 3673 dat
1698 3608 1793 3673 nobis
1819 3609 1984 3673 adiutores
2006 3609 2061 3693 qui
2084 3608 2228 3674 Satanae
2252 3608 2417 3673 nobiscum
2441 3627 2489 3672 re·

1508 3697 1636 3774 sistant,
1665 3715 1822 3777 suamque
1847 3715 1979 3777 operam
2003 3693 2105 3757 modis
2128 3693 2277 3759 omnibus
2297 3692 2489 3776 impendant

1509 3780 1550 3845 ad
1584 3802 1642 3845 nos
1676 3780 1821 3845 tuendos.
1878 3779 1944 3846 Sed
1978 3779 2039 3844 hoc
2072 3778 2227 3844 beneficio
2260 3780 2380 3845 electos
2412 3799 2490 3844 suos

1509 3866 1715 3949 peculiariter
1745 3867 1911 3949 dignatur.
1956 3867 2046 3948 Ergo
2076 3876 2113 3929 ut
2139 3865 2248 3948 angeli
2276 3866 2379 3930 nostri
2412 3866 2489 3937 siat,

1509 3952 1631 4017 Christi
1663 3951 1808 4017 membra
1831 3973 1890 4017 nos
1912 3971 1983 4017 esse
2004 3962 2142 4032 oportet.
2188 3950 2391 4034 Quamquam
2415 3972 2489 4033 pos-

1508 4050 1582 4103 sent
1611 4036 1792 4102 exadverso
1825 4038 1918 4102 obiici
1953 4037 2133 4119 scripturae
2167 4039 2368 4102 testimonia:
2403 4037 2491 4103 unde

1509 4137 1636 4190 constat
1663 4124 1872 4205 reproborum
1903 4124 2002 4187 etiam
2032 4143 2130 4188 causa
2160 4124 2293 4206 angelos
2322 4122 2491 4188 interdum

1509 4211 1624 4274 emitti.
1677 4209 1761 4274 Nam
1796 4209 1883 4291 apud
1912 4208 2084 4273 Danielem
2118 4207 2183 4293 (10,
2205 4207 2261 4294 20)
2293 4230 2489 4274 commemo·

1510 4305 1625 4360 rantur
1658 4295 1764 4378 angeli
1800 4296 1975 4360 Persarum
2009 4304 2041 4359 et
2074 4295 2285 4361 Graecorum.
2336 4295 2403 4360 Sed
2439 4317 2490 4361 re·

1509 4383 1663 4462 spondeo,
1693 4385 1739 4444 ita
1766 4381 1956 4465 angelorum
1978 4401 2039 4462 ope
2063 4381 2137 4446 illos
2159 4381 2259 4445 luisse
2282 4381 2423 4463 adiutos,
2454 4391 2491 4445 ut

1509 4466 1665 4532 Dominae
1694 4467 1754 4531 hoo
1776 4468 1872 4532 modo
1902 4465 2013 4551 populi
2036 4468 2088 4531 sui
2110 4466 2249 4532 salutem
2274 4479 2489 4548 promoveret.

1512 4552 1688 4619 Successus
1700 4554 1787 4617 enim
1810 4562 1842 4617 et
1860 4554 2022 4630 victoriae,
2038 4572 2119 4634 qnae
2137 4552 2337 4629 obtinebant,
2360 4573 2490 4636 semper

1509 4638 1548 4703 ad
1573 4639 1739 4703 ecclesiam
1760 4651 1916 4721 tanquam
1932 4638 1972 4703 ad
1989 4658 2122 4719 scopum
2141 4658 2236 4702 enum
2254 4637 2489 4703 reserebantur.

1510 4726 1584 4789 Hoc
1612 4732 1736 4788 certum
1769 4739 1826 4804 est,
1855 4726 1930 4806 quia
1960 4722 2148 4788 exsulamus
2172 4743 2192 4787 a
2221 4745 2322 4807 reguo
2345 4723 2408 4787 Dei
2431 4745 2489 4806 per

1509 4822 1687 4894 peccatum,
1709 4809 1832 4873 nnllam
1857 4810 1950 4874 nobis
1971 4830 2044 4874 cum
2069 4809 2195 4892 angelis
2217 4831 2287 4875 esse
2309 4810 2488 4874 communi·

1509 4897 1685 4976 ostionem,
1716 4896 1780 4960 uisi
1809 4895 2070 4960 reconciliatione
2098 4916 2156 4978 per
2185 4895 2355 4960 Christum
2385 4894 2487 4959 facta:

1509 4982 1607 5064 idque
1640 4982 1675 5045 iu
1697 4980 1794 5060 scala,
1827 5001 1909 5064 quae
1939 4983 1971 5045 in
2002 4982 2127 5046 visione
2156 4980 2362 5065 patriarchae
2390 4981 2487 5047 Iacob

1509 5069 1676 5151 proposita
1698 5067 1769 5149 fuir,
1792 5088 1924 5132 eernere
1947 5066 2030 5132 lieet.

1871 5325 2054 5408 CAPUT
2076 5329 2129 5408 Π.

1598 5498 1627 5562 1.
1661 5497 1866 5578 Quamobrem
1896 5505 2008 5582 oportet
2040 5521 2096 5565 coa
2127 5501 2230 5584 mapis
2262 5500 2417 5567 cessem
2444 5500 2490 5565 iis

1510 5602 1591 5665 quae
1620 5585 1810 5667 audivimas,
1839 5605 1877 5649 ae
1906 5587 2030 5666 quando
2052 5587 2247 5668 diffluamus.
2292 5587 2322 5652 2.
2347 5585 2385 5651 ss·
2406 5587 2491 5652 esim

478 5664 576 5746 Quod
604 5664 790 5748 spiritus
809 5674 911 5743 vocat,
942 5664 974 5728 id
1005 5663 1135 5746 quidem
1163 5676 1213 5729 est
1235 5666 1458 5731 excellentiae.
1484 5668 1487 5727 l
1511 5670 1568 5750 qui
1583 5689 1644 5749 per
1665 5670 1793 5752 onpelos
1814 5674 1995 5737 mualiotae
2016 5678 2082 5738 erut
2102 5692 2211 5752 acmo,
2233 5673 2347 5754 βνιιιιιι
2365 5671 2439 5754 fait,
2461 5681 2489 5740 et
