5650 6759
559 1884 588 1950 1.
610 1881 714 1949 Iadoa
729 1882 807 1949 Iaera
822 1881 942 1951 Gltriati
958 1904 1076 1965 sanae,
1095 1885 1199 1968 frater
1214 1888 1318 1951 εειιειι
1331 1881 1448 1964 Iaoobi
1499 1879 1601 1947 refert
1629 1882 1756 1950 utrovis
1782 1878 1878 1946 moda
1906 1901 2061 1965 exponas.
2111 1879 2266 1948 Gratiam
2294 1878 2382 1945 anim
2408 1878 2478 1949 Dei

471 1970 598 2046 vaae,
619 1969 675 2051 pai
697 1969 734 2033 ia
750 1969 820 2036 Deo
837 1975 930 2052 patre
951 1971 1136 2053 eaaaipioati
1157 1975 1241 2052 auat,
1266 1970 1348 2036 etia
1371 1967 1449 2034 Iesse
1499 1966 1611 2050 proaul
1640 1965 1739 2033 dubio
1761 1965 1977 2047 aommendat,
2006 1967 2156 2051 quesibi
2177 1985 2234 2033 eos
2255 1965 2291 2031 in
2312 1963 2477 2046 peaulium

472 2053 595 2122 coarto
622 2054 777 2140 madai,
818 2055 849 2121 2.
882 2057 1101 2124 misericordia
1132 2056 1226 2141 εεόιε,
1259 2060 1387 2138 apae,
1419 2058 1448 2120 et
1498 2059 1651 2135 aooptare
1673 2051 1827 2138 dignatus
1848 2064 1908 2118 εει.
1947 2052 1999 2119 Αε
2020 2051 2171 2119 homines
2193 2073 2261 2119 non
2282 2052 2476 2135 praevenire

470 2140 592 2208 dileetio
611 2144 775 2224 augeatur.
1498 2137 1607 2204 Deum
1637 2138 1811 2222 signifieat,
1840 2157 1945 2221 neque
1973 2158 2120 2222 unquam
2149 2137 2191 2204 ad
2212 2157 2289 2204 eum
2310 2135 2476 2217 amedera,

1499 2223 1601 2291 donea
1627 2243 1684 2290 eos
1712 2224 1860 2290 traxerit.
1907 2221 2049 2291 Eosdem
2076 2222 2156 2291 dioit
2183 2221 2477 2292 sauotiiioa·

559 2311 590 2378 1.
618 2308 724 2377 Iudae
744 2308 821 2378 Iesu
843 2308 973 2395 coeat,
998 2317 1051 2380 eto.
1094 2312 1220 2380 Christi
1248 2330 1382 2379 servum
1411 2328 1448 2377 sa
1498 2309 1643 2377 tasin
1670 2309 1763 2377 Deo
1792 2316 1944 2392 patre,
1972 2308 2059 2393 quod
2087 2309 2266 2376 transferre
2292 2307 2378 2393 boat,
2407 2308 2476 2377 Per

472 2404 578 2476 votat,
598 2417 664 2463 non
685 2394 827 2480 qualiter
847 2399 1031 2482 promisoue
1051 2419 1171 2465 nomen
1193 2398 1255 2466 boo
1276 2399 1310 2464 in
1332 2415 1447 2462 omnes
1499 2394 1608 2461 Deum
1639 2403 1775 2478 patrem.
1819 2393 1931 2479 Ipsum
1952 2402 2064 2461 tamen
2086 2393 2244 2547 lagueum
2265 2392 2404 2461 sormam
2424 2414 2476 2462 re-

473 2483 544 2568 pios
561 2482 726 2566 oompetit,
747 2482 805 2548 aad
822 2483 1023 2568 apostolatus
1037 2484 1089 2551 sui
1104 2492 1263 2570 respeata.
1299 2481 1447 2551 Peaulia·
1499 2480 1827 2563 tantationum
1848 2484 1936 2547 esset
1956 2478 2113 2548 iudiaium
2147 2481 2318 2549 autoribus
2360 2478 2480 2548 Potest

470 2568 553 2635 riter
575 2568 663 2634 enim
685 2575 861 2635 pensentur
876 2569 1003 2637 Ohristi
1024 2573 1123 2654 servi,
1145 2568 1263 2656 quibus
1281 2567 1446 2653 pubiiaum
1498 2565 1586 2632 enim
1615 2573 1649 2633 et
1674 2565 1729 2634 bia
1757 2587 1828 2634 esse
1849 2587 1974 2647 sensae,
2003 2564 2101 2648 Quod
2122 2566 2158 2634 in
2179 2586 2216 2634 se
2236 2565 2317 2651 ipsis
2337 2565 2477 2665 profani,

472 2652 602 2738 abqaod
635 2672 756 2721 munus
788 2654 944 2721 iniunxit.
992 2654 1124 2723 Samus
1151 2666 1261 2723 autem
1291 2673 1446 2740 quorsum
1498 2651 1534 2719 in
1564 2651 1637 2719 Deo
1670 2655 1876 2720 sanctitatem
1909 2651 2062 2719 habeant.
2111 2650 2216 2720 Porro
2249 2650 2479 2719 momorum

473 2738 537 2807 hoa
567 2737 662 2805 titulo
690 2760 725 2805 se
753 2759 871 2807 ornare
898 2741 1036 2825 apostoli
1063 2740 1201 2808 soleant.
1244 2740 1313 2807 Ius'
1330 2761 1368 2807 aa
1389 2760 1447 2822 po·
1499 2736 1617 2804 modus
1638 2746 1698 2820 est,
1718 2758 1820 2823 quum
1842 2737 1960 2821 spiritu
1981 2758 2041 2804 suo
2062 2758 2123 2805 uos
2139 2746 2321 2840 regenerat.
2358 2735 2480 2806 Altera

472 2833 624 2892 testatem
654 2823 792 2892 dooendi
817 2834 941 2893 temere
968 2828 1030 2895 sibi
1058 2835 1189 2912 arrogat
1217 2826 1366 2911 quisquis
1387 2845 1447 2893 vo·
1499 2822 1607 2906 leutio,
1629 2843 1730 2908 quam
1758 2832 1917 2907 sequutus
1935 2828 1989 2891 'est
2011 2822 2157 2908 vulgaris
2177 2832 2351 2907 interpres,
2378 2823 2480 2906 paulo

472 2918 566 2978 uatus
593 2931 659 2977 non
688 2920 752 2977 estz
781 2931 859 2996 erga
884 2913 1038 2997 apostolis
1065 2912 1290 2980 testimouium
1316 2919 1368 2979 est
1388 2930 1448 2978 sna
1500 2908 1621 2990 durior,
1646 2908 1864 2997 ἠγαπημένοις
1889 2907 1952 2977 boa
1977 2919 2027 2976 est
2054 2908 2190 2992 dileatia,
2217 2910 2254 2975 in
2276 2906 2350 2975 Deo
2371 2914 2478 2994 patra.

473 2995 614 3079 voeatia,
650 2996 736 3079 quod
773 3018 840 3064 non
877 2999 1006 3083 privato
1041 3018 1077 3065 se
1116 2997 1251 3064 arbitrio
1283 2993 1446 3082 ingerant
1499 2994 1615 3079 Itaque
1643 3008 1829 3080 corruptam
1858 3015 1930 3062 esse
1957 2995 2094 3062 iudiaio:
2121 3004 2155 3062 et
2183 3003 2271 3064 uerte
2298 2994 2335 3060 in
2364 2996 2480 3079 pauu'a

473 3079 683 3166 Quamquam
715 3082 777 3150 boa
810 3082 918 3149 solum
950 3104 1009 3169 per
1037 3106 1072 3151 se
1102 3105 1169 3151 non
1198 3083 1378 3166 suifiaeret,
1410 3083 1448 3148 in
1499 3079 1663 3149 oodioibus
1679 3103 1715 3148 ra
1758 3082 1853 3148 nitur.
1887 3080 1991 3148 Addit
2008 3090 2179 3167 praeterea
2200 3078 2481 3150 austaditos

474 3167 581 3234 oifioio
608 3188 679 3233 sese
701 3169 907 3249 eonstitutos‚
935 3169 1000 3236 nisi
1021 3168 1161 3236 fideliter
1181 3170 1217 3235 in
1238 3188 1277 3236 eo
1297 3190 1332 3235 se
1354 3188 1447 3252 gere·
1500 3186 1604 3234 esse
1631 3167 1678 3233 in
1747 3167 1914 3235 bristo.
1958 3165 2104 3234 Satanae
2128 3168 2218 3234 anim
2240 3184 2373 3249 semper
2392 3186 2480 3235 εεεε-

475 3262 559 3318 reut.
603 3253 650 3318 Et
678 3265 765 3319 uerte
793 3265 970 3339 utrumque
998 3255 1227 3338 eompleatitur
1248 3257 1303 3339 qui
1325 3274 1361 3320 se
1383 3251 1448 3318 Dei
1500 3271 1574 3318 mus
1596 3253 1632 3317 in
1653 3261 1789 3320 mortem
1812 3253 1965 3338 expositi,
1987 3253 2133 3336 meoque
2146 3251 2287 3338 siugulis
2300 3251 2480 3320 momentis

474 3358 607 3404 servum
640 3357 711 3404 esee
743 3338 923 3422 praeditet:
956 3361 1075 3423 nempe
1107 3350 1141 3406 et
1169 3340 1231 3407 sibi
1262 3339 1448 3417 sanationis,
1500 3358 1561 3404 nos
1582 3339 1706 3405 aenties
1729 3339 1823 3423 qnasi
1845 3339 1978 3404 obviam
1999 3339 2153 3422 praedam
2169 3346 2309 3424 raperet,
2331 3337 2398 3404 nisi
2412 3339 2480 3406 tuti

473 3444 571 3508 quam
594 3434 733 3501 exeroet‚
761 3433 907 3491 autorem
928 3446 999 3492 εεεε
1020 3425 1140 3507 Deum,
1168 3436 1202 3492 et
1223 3426 1307 3493 bona
1327 3425 1392 3491 fide
1412 3446 1448 3492 se
1500 3444 1646 3490 essemus
1666 3424 1794 3492 Obristi
1819 3425 1998 3509 praesidio:
2027 3445 2123 3509 quem
2151 3424 2226 3490 ideo
2252 3434 2348 3508 pater
2369 3430 2479 3491 austo-

474 3508 719 3660 ttulit}
741 3510 1028 3663 ttltlltfft
1049 3512 1346 3664 ilttttltt’
1366 3512 1447 3663 tlt·
1500 3509 1830 3663 lttaetlttlt
1852 3509 2003 3662 toll
2026 3509 2480 3662 ss‘iim'ullifflbl*

476 3700 495 3745 a
524 3615 597 3762 qud
609 3615 800 3763 lonqgisaime
822 3644 963 3763 absunt,
977 3702 1108 3766 semper
1128 3683 1306 3751 videndum
1329 3703 1372 3748 an
1394 3646 1449 3748 red
1500 3679 1695 3747 benefitium
1727 3682 1763 3747 in
1795 3644 1955 3749 omnibus⁸
1978 3614 2041 3765 diis
2073 3643 2128 3748 bia
2159 3614 2479 3767 prdedimtrglitdas:

474 3765 546 3848 ipsa
590 3767 761 3832 roiessioni
782 3767 986 3852 respondeat.
1499 3766 1586 3848 quod
1615 3787 1670 3833 eos
1698 3789 1759 3834 sua
1775 3768 1944 3836 vomtione
1965 3767 2077 3834 feeerit
2098 3766 2263 3850 evangelii
2284 3765 2477 3851 partioipss:

611 3855 677 3917 aar
698 3852 816 3920 Iacobi.
853 3852 982 3919 Nomen
1004 3853 1177 3937 adseripsit
1198 3853 1283 3938 qnod
1305 3852 1449 3920 eoolesiis
1499 3852 1587 3934 quod
1609 3853 1727 3936 spiritu
1749 3872 1808 3918 suo
1830 3853 2016 3935 regenuerit
2037 3873 2093 3919 eos
2114 3853 2150 3919 in
2167 3855 2257 3918 vitae
2279 3851 2476 3919 novitatem:

474 3938 580 4021 magis
602 3936 729 4004 oelebre
751 3957 789 4004 aa
811 3949 925 4005 notum
947 3947 1028 4005 erat.
1068 3940 1143 4006 Etsi
1165 3940 1253 4005 enim
1275 3957 1295 4004 a
1316 3941 1449 4005 nemine
1499 3947 1532 4002 ει
1562 3939 1649 4021 quod
1679 3959 1735 4022 per
1757 3938 1885 4006 Obristi
1912 3959 2049 4005 manum
2075 3959 2130 4004 eos
2158 3936 2359 4018 ansmdierit,
2389 3958 2479 4006 naa

473 4022 662 4089 mortalium
706 4023 825 4107 pendet
868 4024 1032 4090 dootriuae
1074 4024 1156 4091 fides
1199 4033 1232 4088 et
1271 4025 1447 4091 autoritas:
1498 4021 1604 4089 salute
1626 4024 1823 4090 exoiderent.

474 4129 632 4193 magnum
655 4117 766 4175 tamen
789 4108 850 4174 hoo
865 4109 944 4176 fidei
958 4110 1141 4177 subsidium
1156 4119 1218 4190 εει,
1239 4129 1338 4194 quum
1354 4109 1449 4176 nobis
1585 4108 1618 4174 2.
1647 4109 1870 4178 Miserioordia
1897 4109 1991 4178 vobo.
2034 4109 2126 4176 Idem
2148 4110 2216 4176 iere
2238 4109 2327 4177 valet
2347 4109 2477 4178 miseri·

475 4202 641 4278 aomperta
670 4204 720 4260 est
742 4194 882 4261 bominis
909 4196 1080 4280 integritas
1101 4197 1155 4280 qui
1178 4196 1317 4262 doatoris
1338 4205 1449 4281 partes
1500 4194 1628 4260 oordiee
1651 4215 1781 4274 nomen,
1804 4196 1890 4279 quod
1912 4197 2038 4280 gratiae
2058 4196 2095 4260 iu
2118 4195 2373 4262 salutationibus
2395 4195 2479 4265 Pau·

475 4281 619 4364 suseipit.
674 4279 770 4345 Adde
802 4280 887 4364 quod
919 4281 1030 4348 Iaaabi
1063 4283 1221 4348 autoritas
1254 4300 1323 4346 non
1354 4283 1448 4365 quasi
1499 4278 1586 4344 linis.
1625 4278 1663 4347 Si
1685 4282 1757 4363 quis
1778 4281 1949 4348 disorimeu
1971 4281 2124 4348 subtilius
2147 4281 2267 4348 habero
2289 4279 2380 4365 velit,
2401 4303 2476 4368 pro

475 4367 596 4451 privati
617 4366 798 4451 ouiuspiam
820 4366 964 4434 bominis
985 4367 1039 4433 hia
1060 4367 1261 4434 obtenditur:
1288 4367 1345 4433 sed
1368 4368 1448 4449 quia
1500 4365 1569 4446 prie
1591 4367 1698 4451 gratia
1718 4367 1853 4433 effeetus
1875 4377 1926 4434 εει
1947 4366 2206 4435 miseriaordiae:
2228 4367 2305 4450 quie
2327 4387 2395 4434 uon
2410 4369 2475 4436 alia

474 4451 562 4535 apud
595 4472 710 4517 omues
742 4451 893 4519 eooleeiae
925 4473 1012 4519 unns
1040 4475 1081 4519 ex
1110 4454 1293 4537 praeeipuis
1322 4451 1448 4519 Christi
1499 4471 1598 4518 eausa
1618 4451 1711 4518 Deua
1739 4473 1801 4519 nos
1828 4455 1863 4519 in
1885 4473 2029 4520 amorem
2051 4451 2285 4537 eompleatitur‚
2314 4452 2379 4518 nisi
2401 4457 2477 4538 quia

474 4536 632 4621 apostolis
653 4537 843 4605 habebatur.
880 4539 963 4604 llrat
985 4547 1094 4605 eutem
1116 4538 1170 4605 bia
1184 4539 1325 4623 Alphaei
1344 4539 1447 4605 filius:
1499 4537 1647 4603 numerius
1683 4548 1810 4605 nostras
1846 4539 1989 4623 reepioit.
2043 4537 2264 4624 Dilectio¹)
2306 4546 2377 4604 tam
2409 4539 2475 4607 Dei

496 4624 748 4691 nemodmodum
779 4624 856 4690 alibi
877 4624 956 4690 dixi.
999 4625 1069 4691 Ima
1091 4624 1180 4692 loeus
1203 4625 1256 4690 hio
1277 4623 1359 4689 mihi
1381 4625 1448 4690 eui·
1500 4643 1579 4706 erga
1607 4621 1767 4704 homines,
1798 4645 1896 4774 Ἓεω
1925 4624 2096 4691 hominum
2125 4625 2212 4690 inter
2240 4644 2276 4691 se
2297 4633 2406 4708 potest
2426 4625 2477 4694 in·

526 4722 623 4793 gatar
650 4721 763 4778 eontra
785 4708 965 4777 Eusebium
987 4720 1022 4776 ει
1042 4709 1123 4777 alios
1145 4712 1200 4794 qui
1222 4712 1360 4776 trudunt
1382 4710 1448 4777 dis·
1501 4708 1614 4794 telligi.
1666 4709 1704 4776 si
1737 4710 1778 4775 ad
1842 4732 1917 4777 eum
1950 4712 2086 4794 reseras,
2118 4732 2234 4777 sensns
2263 4711 2340 4793 erit,
2375 4719 2414 4778 ut
2441 4713 2478 4780 in

477 4794 619 4877 sipulum
648 4799 853 4880 neseioquem
875 4795 1007 4862 Obliam
1029 4798 1231 4881 oognomine‚
1259 4795 1353 4862 illum
1376 4816 1448 4862 esse
1500 4793 1567 4860 illie
1589 4800 1755 4879 augment,
1784 4805 1818 4861 et
1839 4798 1944 4880 magis
1966 4798 2000 4862 iu
2023 4797 2092 4862 dies
2114 4797 2281 4863 eauaiatur
2301 4795 2339 4860 in
2361 4816 2476 4864 aarum

477 4879 570 4945 auius
594 4883 744 4947 meminit
772 4882 884 4949 Luaas
912 4882 1060 4960 totle,
1084 4882 1136 4966 13,
1169 4887 1203 4948 et
1231 4881 1358 4965 21,18‚
1390 4882 1448 4965 qui
1500 4879 1650 4946 sordibus
1673 4881 1774 4947 divini
1796 4885 1917 4948 amoris
1938 4882 2067 4950 fiduoia.
2103 4881 2192 4948 Illud
2207 4890 2319 4948 mmen
2333 4881 2477 4951 alterum

476 4983 555 5049 prae
587 4967 742 5048 apostolis
774 4970 809 5033 in
841 4965 899 5033 illa
930 4966 1066 5033 eoolesia
1093 4967 1293 5034 exoelluerit.
1344 4967 1448 5051 Atqui
1501 4985 1568 5030 non
1590 4966 1676 5031 male
1697 4968 1795 5033 etiam
1818 4967 1967 5049 quadrat,
1993 4977 2031 5034 ut
2052 4968 2145 5035 Deus
2166 4967 2324 5035 aaaendet
2345 4980 2381 5034 st
2401 4989 2477 5037 aon·

477 5070 543 5115 non
575 5049 709 5116 dubium
738 5063 788 5119 εει
815 5054 895 5137 quin
917 5052 1017 5119 ludas
1038 5053 1173 5118 fratrem
1196 5074 1294 5121 suum
1316 5053 1371 5119 bia
1392 5074 1448 5118 no·
1500 5052 1663 5116 firmatio
1686 5053 1767 5137 ipsis
1788 5055 1959 5120 paritatem
1980 5063 2139 5122 mutuam.

475 5137 590 5216 minet,
617 5135 693 5218 quia
719 5137 806 5204 inter
834 5138 997 5224 apostolos
1026 5140 1113 5205 lama
1142 5139 1314 5206 eminebat
1357 5139 1448 5222 llrgo

442 5236 445 5240 ·
475 5243 552 5289 eum
570 5221 682 5321 ‚inisse
712 5223 875 5305 probabile
905 5232 956 5290 est
982 5225 1035 5291 oui
1057 5226 1267 5309 praeeipuam
1289 5225 1448 5291 honorem
1557 5222 1615 5323 .3·
1648 5223 1791 5326 Deiecto·
1807 5245 1902 5308 paam
1934 5245 2021 5291 omae
2051 5226 2193 5292 stodiam
2225 5224 2404 5292 adhiberem
2434 5226 2476 5294 ad

477 5328 496 5373 a
517 5308 1219 5494 reliidadtidoddisidndieddnliiddiddadinnes
1242 5397 1304 5463 hoa
1318 5396 1449 5461 nomine
1499 5308 1813 5476 wbaeidbiffbad
1833 5312 1887 5463 dds
1899 5310 2475 5465 whomrztdddesddutcditoffiiahddbdd

477 5479 634 5564 designat,
668 5501 745 5565 quta
772 5479 935 5547 Dominus
970 5480 1031 5548 sibi
1064 5502 1120 5548 εοε
1153 5481 1357 5566 segregavit:
1390 5481 1448 5548 sed
1500 5500 1579 5560 eam,
1605 5500 1684 5563 quae
1708 5483 1800 5549 sanai
1825 5484 1943 5552 todia
1969 5490 2015 5551 eat
2034 5485 2162 5565 eandm,
2189 5484 2294 5568 fidem
2336 5483 2368 5552 4.
2400 5480 2475 5552 aaa

476 5566 554 5648 quia
575 5568 699 5633 vuastio
728 5565 812 5632 nibil
840 5575 890 5631 εει
915 5587 1013 5650 quam
1042 5578 1194 5634 aeternae
1214 5566 1379 5634 eleotionis
1400 5569 1448 5632 ei·

476 5651 591 5733 fautus,
612 5652 776 5720 interdum
798 5668 859 5738 pro
881 5671 920 5718 aa
940 5653 1076 5737 eapitur.
1112 5654 1152 5720 ln
1166 5653 1230 5721 boa
1242 5653 1313 5722 loeo
1330 5674 1446 5739 parum
1587 5670 1609 5741 ¹)
1626 5669 1730 5726 carita
