5650 6759
1018 715 1100 782 15
2521 708 2809 778 EPIST.
2857 710 2987 776 AD
3033 711 3538 779 HEBRAEOS
4953 711 5036 775 16

1014 910 1319 996 loqunius
1381 911 1470 975 sit
1534 907 1868 993 propheta,
1937 928 2138 992 quum
2197 907 2364 972 dixit
2423 906 2678 992 (Ierem.
2724 906 2839 986 31,
2884 905 2972 1056 9³,
3018 914 3020 917 ’

1019 998 1542 1097 Primogenitnm
1588 993 1735 1061 Dei.
1816 994 1987 1061 Nam
2033 993 2153 1058 filii
2198 990 2544 1076 appellatio
2589 993 2831 1075 passim
2877 992 2973 1057 ili

1017 1081 1474 1266 matibalg-’Dei
1519 1166 1710 1267 filios,
1756 1165 1930 1232 Psal.
1963 1165 2066 1266 39,
2114 1165 2184 1243 ’ῖς
2231 1162 2397 1245 Quis
2441 1163 2693 1263 similis,
2738 1163 2970 1262 inquit,

1013 1254 1342 1423 ξὲἕὲἶί,
1358 1251 1773 1405 ““ἕὲἑωῗέι’ἕὲ,
1795 1248 2974 1434 Εὲὲἳᾶωἷοωῗῗὶῖῗέἕὲἳῃῗξ”ἒῗ

1023 1424 1268 1491 Israele
1356 1422 1683 1508 designari
1762 1441 2172 1521 communem
2252 1420 2586 1486 electionis
2665 1429 2977 1504 gratiam:

1019 1510 1288 1595 angelos
1369 1510 1585 1575 vocari
1660 1508 1926 1575 deorum
1999 1506 2171 1572 filios
2241 1507 2556 1591 figurate,
2634 1516 2981 1605 propterea

1451 1080 1631 1163 Quin
1699 1080 1896 1147 etiam
1964 1078 2236 1163 angelos
2300 1079 2476 1160 ipsos
2532 1075 2750 1143 David
2818 1076 2974 1142 alibi

1019 1595 1189 1680 quod
1228 1595 1496 1679 spiritus
1540 1596 1677 1660 sint
1719 1593 2046 1671 coelestes,
2092 1604 2159 1656 et
2204 1595 2317 1674 qui
2363 1594 2430 1657 in
2481 1591 2667 1658 beata
2709 1611 2979 1657 immor·
3026 1656 3027 1668 ,

1020 1683 1275 1747 talitate
1324 1690 1593 1764 gustum
1638 1678 1917 1763 aliquem
1965 1678 2210 1744 habent
2253 1677 2638 1745 divinitatis.
2725 1677 2981 1742 Verum

1067 1788 1224 1833 unm
1276 1765 1489 1832 David
1546 1766 1688 1831 sine
1746 1763 2107 1831 adiectione
2167 1785 2237 1831 se
2293 1767 2362 1830 in
2409 1762 2657 1830 Christi
2704 1779 2985 1847 persona

1091 1853 1148 1918 ei
1192 1851 1405 1918 fllium
1450 1849 1753 1934 appellat,
1813 1849 2144 1934 singulare
2189 1848 2496 1932 quiddam
2544 1849 2862 1934 designat,
2918 1855 2984 1913 et

1020 1939 1265 2007 honore
1296 1948 1430 2003 tam
1459 1956 1545 2000 an
1593 1934 1843 2001 elorum
1869 1956 2062 2019 quam
2094 1936 2486 2020 principum,
2517 1933 2758 2001 nedum
2784 1935 2983 2000 totius

1020 2023 1289 2092 Israelis
1366 2021 1545 2089 excel
1574 2023 1806 2088 entius.
1920 2021 2182 2104 Alioqui
2250 2022 2606 2106 impropria
2672 2034 2845 2087 esset
2907 2041 2984 2087 ac

1019 2112 1243 2261 w
1263 2107 1637 2277 qffiqffifffiz,
1675 2107 2146 2276 2³1.¹.'⁰{..33?3.¹
2151 2107 2170 2171 ¹
2176 2104 2985 2276 2222m.1'.?⁰”ss‘;¹12.353

1024 2281 1196 2347 enim
1262 2299 1346 2344 ex
1403 2299 1602 2363 grege
1660 2289 1726 2344 et
1782 2298 2058 2344 numero
2106 2278 2403 2344 aliorum.
2494 2277 2717 2359 Quum
2764 2278 2984 2361 itaque

1018 2365 1353 2432 exclusive
1417 2363 1539 2429 hoc
1599 2362 1844 2431 dictum
1906 2365 1992 2430 eit
2052 2363 2131 2428 de
2177 2363 2473 2431 Christo:
2541 2363 2754 2430 Filius
2799 2383 2985 2429 meus

1021 2473 1091 2518 es
1150 2461 1260 2517 tu:
1329 2451 1627 2532 sequitur
1694 2449 1857 2515 nulli
1924 2449 2309 2533 angelorum
2375 2451 2724 2517 convenire
2783 2449 2985 2514 talem

1018 2537 1361 2606 honorem.
1437 2533 1691 2618 Siquis
1734 2555 1994 2601 rursum
2041 2534 2323 2619 excipiat
2356 2534 2682 2602 Davidem
2729 2554 2986 2618 quoqne

1020 2623 1143 2690 hoc
1203 2621 1393 2689 modo
1454 2640 1651 2705 snpra
1711 2620 1978 2704 angelos
2037 2621 2263 2687 evehi:
2342 2620 2737 2705 respondeo,
2821 2620 2985 2686 nihil

1021 2730 1164 2775 esse
1207 2706 1475 2774 absurdi
1517 2708 1571 2772 si
1617 2706 1869 2791 angelis
1960 2706 2339 2788 raeferatnr,
2397 2717 2725 2789 quatenus
2770 2707 2986 2790 imago

1020 2808 1120 2861 est
1164 2792 1444 2862 Christi:
1508 2791 1892 2875 quemadmo
1943 2813 2051 2857 um
2109 2792 2290 2858 nulla
2347 2793 2543 2859 fiebat
2587 2792 2842 2878 angelis
2885 2793 2985 2857 in-

1020 2881 1222 2962 iuria,
1288 2899 1491 2962 quum
1537 2898 1829 2944 summus
1872 2878 2194 2958 sacerdos,
2261 2877 2576 2944 mediator
2634 2878 2989 2945 vocabatur

1022 2967 1137 3050 qui
1174 2977 1438 3050 peccata
1477 2965 1792 3047 expiaret.
1863 2963 2093 3047 Neque
2137 2964 2310 3029 enim
2356 2964 2420 3029 id
2467 2964 2797 3030 habebant
2844 2983 2984 3046 pro·

1021 3054 1165 3135 prio
1239 3052 1409 3115 iure:
1491 3049 1604 3115 sed
1691 3070 1891 3132 qunm
1968 3051 2288 3116 referrent
2363 3050 2616 3116 Christi
2687 3070 2985 3134 regnum,

3076 905 3425 988 imperinm
3479 903 3615 969 filio
3673 904 3856 969 cuins
3914 902 4048 969 illic
4105 905 4182 968 fit
4236 901 4496 982 mentio,
4561 902 4927 971 destinatur
4970 917 5037 970 et

3077 991 3390 1055 asseritur
3423 990 3675 1074 imperii
3805 989 4141 1073 rpetuitas.
4213 987 4492 1055 Constat
4534 1001 4754 1057 autem
4799 1012 4886 1057 ex
4921 991 5033 1056 ad·

3080 1096 3294 1151 verso,
3375 1095 3649 1160 regnum
3772 1074 4089 1140 olomonis
4165 1095 4248 1139 an
4341 1074 4459 1142 stis
4530 1074 4769 1142 finibus
4837 1076 5036 1144 fuisse

3078 1161 3431 1227 inclusum:
3476 1164 3545 1227 et
3600 1159 3760 1225 adeo
3805 1180 3935 1225 non
3983 1161 4185 1226 fnisse
4297 1171 4629 1242 utnrnum,
4695 1173 4768 1228 ut
4809 1163 5037 1228 statim

3079 1257 3228 1331 post
3287 1247 3428 1312 eius
3486 1256 3766 1312 mortem
3808 1247 4115 1327 ancisum,
4182 1245 4514 1330 aliquanto
4557 1260 4704 1330 post
4746 1257 5040 1330 tempore

3079 1332 3456 1400 conciderit.
3549 1332 3747 1413 Atqui
3807 1333 3873 1396 in
3934 1331 4182 1415 psalmo
4238 1331 4524 1397 citantur
4580 1343 4777 1398 testes
4832 1332 4927 1398 sol
4974 1345 5040 1398 et

3082 1418 3257 1498 luna,
3302 1419 3601 1502 iuratque
3631 1418 3977 1498 Dominus,
4006 1416 4318 1501 quamdin
4362 1418 4429 1482 in
4464 1417 4644 1485 coelo
4674 1416 5037 1504 fulgebunt,

3084 1524 3360 1588 regnum
3406 1503 3566 1570 illud
3611 1508 3938 1570 staturum
3981 1502 4322 1570 incolume.
4402 1500 4652 1569 Contra
4696 1525 4850 1570 vero
4893 1526 5035 1590 reg·

3086 1610 3248 1656 nnm
3292 1588 3570 1656 Davidis
3628 1589 3813 1657 brevi
3857 1594 3991 1654 tem
4079 1589 4169 1656 ris
4211 1587 4422 1674 spatio
4464 1587 4839 1673 collapsum,
4898 1601 5037 1656 tan-

3087 1674 3235 1742 dem
3293 1695 3560 1758 prorsus
3616 1674 3888 1741 interiit.
4046 1673 4234 1742 einde
4276 1697 4362 1740 ex
4404 1674 4847 1759 compluribus
4890 1697 5039 1760 pro-

3087 1758 3433 1845 phetarum
3493 1760 3653 1829 locis
3709 1759 4016 1844 colligere
4073 1772 4445 1845 promptum
4489 1775 4607 1839 est,
4663 1759 4847 1827 illam
4890 1782 5041 1846 pro·

3090 1847 3457 1912 missionem
3518 1866 3852 1931 nunquam
3910 1846 4101 1912 aliter
4153 1866 4347 1930 quam
4407 1846 4486 1911 de
4530 1844 4797 1914 Christo
4841 1848 5042 1914 fnisse

3088 1944 3443 2016 acceptam:
3492 1940 3567 1997 ut
3596 1931 3889 2000 cavillari
3922 1951 4112 1997 nemo
4142 1941 4353 2014 queat,
4398 1951 4542 1999 esse
4577 1931 4753 1998 istud
4797 1954 5042 2000 novum

3091 2027 3550 2085 commentum.
3640 2018 3807 2082 Nam
3868 2026 3937 2084 et
3989 2016 4141 2082 inde
4184 2017 4553 2084 invaluerat
4610 2017 4808 2103 vulgo
4867 2019 5044 2102 apud

3090 2103 3371 2254 &dagos
3432 2101 3538 2170 hic
3597 2124 3774 2183 usus,
3834 2116 3907 2168 nt
3970 2103 4309 2169 Christum
4369 2102 4775 2188 appellarent
4829 2104 5041 2171 filium

3160 2211 3264 2255 avi
3311 2211 3387 2255 is.

3261 2311 3322 2377 6.
3372 2309 3632 2377 Rursus
3671 2315 3883 2375 autem
3928 2329 4121 2390 quum
4159 2309 4495 2374 introducit
4531 2309 4758 2389 filium.
4847 2309 4908 2375 N
4913 2332 5042 2378 unc

3090 2396 3220 2461 alia
3278 2399 3524 2462 ratione
3570 2395 3909 2462 Christum
3964 2415 4163 2477 snpra
4220 2394 4485 2478 angelos
4543 2396 4813 2462 attollit:
4882 2398 5043 2479 quia

3089 2481 3440 2547 iubeantur
3502 2482 3719 2566 angeli
3783 2483 4000 2563 ipsum
4064 2481 4355 2549 adorare.
4467 2480 4781 2563 Sequitur
4843 2483 5039 2562 enim,

3090 2568 3384 2649 ipsorum
3451 2588 3593 2633 esse
3657 2584 3852 2650 caput
3917 2587 3993 2631 ac
4049 2567 4426 2649 principem.
4529 2566 4778 2633 Verum
4837 2568 5046 2633 videri

3093 2655 3297 2735 possit
3362 2673 3703 2737 perperam
3773 2653 3894 2718 hoc
3959 2651 4040 2716 ad
4100 2650 4442 2718 Christum
4511 2665 4814 2736 torquere
4876 2655 5048 2737 quod

3034 2777 3037 2798 l
3091 2739 3472 2822 simpliciter
3528 2738 3610 2803 de
3667 2737 3811 2802 Deo
3867 2737 4299 2821 praedicatur.
4409 2736 4482 2804 Si
4541 2737 5049 2822 respondeamus

3091 2823 3436 2890 Christum
3508 2844 3651 2890 esse
3716 2823 3924 2890 Deum
3998 2837 4358 2906 aeternum,
4432 2824 4704 2906 ideoque
4768 2826 4909 2890 inre
4973 2826 5045 2890 in

3092 2931 3245 2975 eum
3288 2925 3657 2994 competere
3701 2929 4123 2992 quaecunque
4167 2909 4292 2974 Dei
4336 2916 4520 2975 sunt:
4573 2911 4863 2976 nondum
4905 2932 5046 2976 om·

3093 2998 3281 3062 nibus
3334 2999 3739 3062 satisfactum
3792 2996 3937 3061 erit.
4023 2995 4271 3061 Parum
4326 2998 4502 3060 enim
4546 2995 4627 3060 ad
4672 2997 4769 3062 rei
4813 2995 5046 3062 dubiae

3090 3083 3536 3165 probationem
3587 3083 3847 3158 valeret,
3899 3102 3984 3146 ex
4027 3080 4483 3148 communibus
4526 3081 4651 3146 Dei
4696 3081 4926 3164 elogiis
4970 3085 5043 3147 in

1025 3157 1262 3204 nomen
1320 3156 1576 3220 quoque
1635 3133 1716 3201 ab
1773 3136 1913 3219 ipso
1972 3135 2466 3202 mutuabantur.
2555 3135 2734 3236 Quin
2788 3136 2984 3200 etiam
3034 3170 3038 3242 3
3091 3168 3212 3234 hm
3277 3189 3473 3234 eausa
3531 3168 3996 3251 argumentari·
4099 3167 4339 3251 Agim„
4402 3169 4577 3232 onim
4639 3168 4721 3232 do
4775 3167 5043 3234 Ohrism

1026 3233 1452 3302 sacramenta,
1485 3241 1685 3303 quum
1719 3241 1824 3287 res
1854 3220 1986 3287 sint
2017 3242 2133 3303 per
2161 3241 2231 3286 se
2261 3233 2576 3299 mortuae,
2620 3221 2986 3321 insigniun·
3030 3246 3038 3302 Ι·
3088 3256 3153 3319 in
3199 3273 3396 3320 came
3440 3254 3889 3318 manifestato:
3952 3265 4019 3317 οι
4065 3253 4447 3318 nominatim
4492 3252 4648 3318 dicit
4691 3256 5041 3335 apostolus,

1025 3323 1135 3375 ‘¹¹¹'
1196 3308 1404 3374 ‘5⁸⁰¹ss
1461 3328 1621 3406 ‘³⁰⁰9
1679 3305 1895 3392 “ng‘ffi
1955 3308 2078 3372 “ibi
2140 3308 2385 3407 ⁸¹3⁸qu⁰
2445 3307 2786 3391 ⁸²⁰ri¹²3¹⁰
2852 3326 2984 3371 ⁰⁰¹²
3033 3282 3038 3413 Ι
3087 3343 3183 3405 ita
3214 3342 3552 3424 loquutum
3584 3341 3908 3422 spiritum,
3952 3358 4157 3422 quum
4194 3337 4629 3404 introducitur
4670 3340 4737 3403 in
4784 3339 5040 3405 orbem:

1023 3407 1427 3479 arrogarent.
1527 3392 1705 3458 Hinc
1762 3405 2033 3476 apparet
2094 3393 2381 3459 validum
2439 3413 2578 3459 esse
2638 3412 2985 3478 argumen-
3035 3426 3038 3463 n

1024 3494 1166 3547 tum
1234 3498 1273 3544 a
1338 3478 1455 3544 filii
1526 3479 1810 3544 nomine.
1908 3478 2010 3543 De
2070 3480 2489 3563 generatione
2546 3479 2638 3545 sic
2700 3478 2984 3544 breviter
3031 3563 3033 3581 Ι

1027 3565 1399 3633 habendum
1467 3578 1594 3630 est:
1666 3564 1934 3629 relative
2003 3563 2124 3630 hoc
2189 3564 2327 3630 loco
2386 3565 2609 3648 accipi.
2711 3564 2984 3632 Frivola
3030 3590 3038 3640 ιι

1027 3653 1202 3716 enim
1248 3650 1609 3734 Augustini
1668 3650 1927 3735 argutia
1971 3664 2089 3731 est,
2149 3651 2256 3734 qui
2304 3650 2493 3717 hodie
2534 3664 2878 3717 aeternum
2919 3663 2985 3717 et

1027 3737 1414 3805 continuum
1476 3737 1688 3821 fingit.
1775 3734 2078 3801 Christus
2136 3745 2311 3802 certe
2366 3745 2669 3803 aeternus
2712 3749 2813 3803 est
2857 3735 2983 3803 Dei

1027 3823 1241 3888 filins:
1295 3821 1447 3905 qnia
1503 3823 1821 3905 sapientia
1877 3820 2020 3888 eius
2075 3836 2178 3887 est
2235 3833 2390 3887 ante
2442 3833 2699 3906 tempus
2740 3822 2985 3908 genita.

1029 3908 1164 3977 Sed
1226 3908 1348 3974 hoc
1407 3906 1570 3974 nihil
1616 3908 1698 3973 ad
1744 3920 2153 3993 praesentem
2199 3906 2429 3987 locum,
2496 3907 2606 3973 ubi
2652 3919 2986 3992 respectus

1035 3994 1314 4061 habetur
1353 3994 1433 4060 ad
1483 3994 1810 4061 homines:
1855 4012 1894 4058 a
1938 3995 2171 4076 quibus
2215 3993 2478 4080 agnitus
2521 3993 2647 4059 fuit
2677 3993 2987 4060 Christus
3034 3979 3043 4062 l

1074 4100 1146 4147 ro
1211 4080 1349 4146 filio
1417 4078 1575 4161 Dei,
1643 4093 1985 4164 postquam
2053 4099 2202 4145 eum
2269 4090 2456 4162 pater
2519 4080 2984 4146 manifestavit.
3038 4089 3043 4155 ξ

1100 4186 1213 4233 aec
1255 4166 1458 4250 igitur
1503 4164 1871 4244 declaratio,
1920 4166 2109 4232 cuins
2152 4166 2350 4231 etiam
2397 4165 2644 4231 Paulus
2690 4166 2990 4232 meminit
3038 4164 3043 4258 Ι

1031 4252 1113 4318 ad
1159 4253 1496 4318 Romanos
1540 4272 1680 4335 cap.
1730 4252 1788 4330 1,
1832 4250 1893 4330 4,
1955 4252 2203 4334 species
2258 4249 2574 4334 quaedam
2620 4250 2740 4317 fuit
2785 4264 2991 4317 aeter·

1036 4358 1159 4403 nae
1219 4338 1316 4423 (ut
1372 4339 1465 4404 ita
1520 4335 1775 4422 loquar)
1832 4337 2291 4422 generationis.
2378 4337 2549 4403 Nam
2596 4357 2835 4403 arcana
2877 4336 2991 4404 illa

1028 4437 1098 4490 et
1134 4424 1424 4500 interior,
1472 4442 1636 4507 quae
1674 4435 2132 4506 praecesserat,
2178 4421 2550 4490 hominibus
2592 4434 2731 4490 erat
2776 4422 2990 4507 incog-

1033 4511 1203 4574 nita:
1283 4529 1404 4576 nec
1477 4511 1546 4574 in
1613 4509 1935 4575 rationem
2005 4509 2226 4575 venire
2294 4521 2578 4591 poterat,
2654 4508 2779 4576 nisi
2846 4526 2990 4576 eam

1032 4606 1218 4679 pater
1264 4594 1503 4661 visibili
1548 4594 1945 4661 revelatione
1989 4615 2070 4678 ap
2118 4595 2426 4661 robasset.

1205 4678 1341 4747 Ero
1367 4680 1471 4747 iai
1502 4680 1574 4748 in
1605 4685 1876 4763 patrem
1946 4680 2028 4745 In
2123 4700 2199 4746 oc
2242 4681 2436 4746 etiam
2483 4679 2768 4747 secundo
2815 4678 2992 4745 testi·

1035 4767 1250 4832 monio
1294 4766 1516 4833 valere
1560 4766 1752 4834 debet
1795 4764 1910 4832 illa
1949 4764 2347 4832 observatio:
2396 4767 2654 4832 tametsi
2700 4763 2994 4850 designe-

1034 4868 1146 4918 tur
1205 4851 1310 4918 hic
1367 4852 1660 4932 Solomo,
1729 4852 1838 4936 qui
1903 4852 2138 4936 alioqui
2200 4864 2339 4918 erat
2396 4851 2649 4937 angelis
2706 4851 2992 4928 inferior,

1035 4955 1260 5004 tamen
1289 4939 1503 5021 ipsum
1534 4960 1618 5004 ex
1656 4938 1984 5005 communi
2029 4938 2322 5005 omnium
2370 4937 2597 5003 ordine
2641 4936 2996 5022 segregari,

1031 5044 1241 5109 quum
1271 5021 1456 5090 Deus
1496 5044 1566 5090 se
1610 5025 1933 5108 promittit
1977 5023 2073 5089 illi
2121 5026 2257 5090 fore
2301 5025 2367 5089 in
2415 5029 2692 5107 patrem.
2763 5022 2994 5107 Neque

1033 5111 1211 5176 enim
1274 5107 1367 5174 illi
1423 5111 1488 5174 in
1548 5123 1797 5193 patrem
1858 5111 2120 5175 futurus
2176 5124 2320 5175 erat
2377 5122 2689 5192 tanquam
2750 5129 2868 5174 uni
2912 5130 2996 5175 ex
3047 5112 3051 5192 l
3099 5145 3285 5210 ouius
3327 5143 3650 5210 adventus
3696 5151 3906 5208 totum
3949 5141 4171 5207 orbem
4217 5140 4585 5207 exhilara-0
4635 5141 4848 5208 debet.

1038 5195 1348 5262 Abrahae
1377 5194 1550 5273 filiis,
1596 5207 1709 5261 ant
1745 5196 1861 5261 uni
1906 5216 1986 5261 ex
2035 5195 2471 5279 principibus:
2517 5193 2633 5260 sed
2679 5203 2992 5279 tanquam

1037 5283 1099 5347 ei
1142 5282 1254 5364 qui
1302 5279 1587 5366 reliquos
1646 5302 1875 5348 omnes
1919 5283 2378 5366 supereminet.
2471 5279 2827 5364 Privilegio
2871 5280 2994 5366 igi·

1042 5379 1149 5432 tur
1192 5366 1440 5448 eodem,
1487 5388 1613 5453 quo
1657 5368 1831 5434 filius
1867 5367 2305 5447 constituitur,
2349 5385 2574 5431 omnes
2619 5365 2731 5430 alii
2772 5366 2996 5432 exclu-

1035 5452 1287 5520 duntur
1345 5474 1384 5519 a
1440 5454 1582 5539 pari
1629 5452 1890 5520 honore.
1981 5453 2192 5520 Porro
2236 5473 2363 5517 non
2411 5452 2602 5518 aliter
2644 5450 2711 5517 id
2756 5451 2837 5517 de
2881 5450 3000 5519 So·
3103 5471 3253 5519 suos

1040 5538 1300 5605 lomone
1358 5559 1500 5607 ease
1558 5539 1825 5615 dictum,
1887 5539 2011 5606 nisi
2068 5549 2393 5622 quatenus
2439 5536 2777 5605 Christum
2831 5538 2998 5622 figu-

3085 3428 3255 3508 quod
3319 3445 3451 3491 non
3512 3440 3685 3492 esset
3732 3445 3883 3490 vere
3942 3424 4207 3506 dictum,
4278 3424 4401 3489 nisi
4445 3425 4704 3506 proprie
4748 3425 5040 3507 psalmus

3087 3512 3167 3576 de
3211 3511 3461 3579 Christi
3507 3512 4026 3578 manifestatione
4070 3511 4361 3576 disserat.
4442 3509 4534 3574 Et
4574 3531 4733 3577 sane
4774 3511 4868 3574 ita
4910 3528 5041 3578 est:

3087 3598 3425 3663 exordium
3481 3601 3655 3664 enim
3725 3597 3956 3679 psalmi
4016 3597 4389 3661 exhortatio
4430 3611 4530 3661 est
4575 3597 4656 3661 ad
4703 3597 5042 3664 laetitiam.

3085 3684 3311 3768 Neque
3354 3685 3632 3750 Iudaeos
3674 3682 4027 3765 alloquitur
4073 3681 4323 3748 David:
4383 3681 4497 3747 sed
4550 3693 4755 3746 totam
4799 3695 5044 3749 terram

3086 3791 3292 3853 usque
3352 3772 3433 3836 ad
3492 3769 3775 3836 insulas:
3843 3767 3965 3832 hoc
4017 3778 4136 3842 est,
4204 3769 4677 3832 transmarinas
4722 3769 5045 3852 regiones.

3087 3858 3283 3922 Ratio
3342 3858 3629 3939 ponitur:
3691 3856 3845 3939 quia
3888 3852 4213 3918 Dominus
4268 3853 4587 3936 regnabit.
4678 3852 4754 3920 Si
4813 3854 5048 3922 deinde

3089 3958 3299 4008 totum
3351 3941 3674 4026 psalmum
3717 3959 4077 4023 percurras,
4124 3937 4288 4003 nihil
4332 3937 4509 4004 aliud
4555 3939 4806 4006 videbis
4848 3959 5048 4022 quam

3091 4049 3364 4113 regnum
3403 4027 3670 4102 Christi,
3716 4024 3892 4109 quod
3935 4024 4018 4089 ab
4060 4024 4383 4108 evangelii
4428 4024 4865 4108 publicatione
4905 4047 5049 4093 coe-

3090 4117 3206 4200 pit.
3296 4114 3433 4179 Nec
3462 4111 3638 4178 aliud
3676 4126 3774 4178 est
3816 4124 4279 4195 argumentum
4325 4110 4559 4193 psalmi
4602 4130 4799 4193 quam
4845 4113 5050 4179 veluti

3090 4200 3362 4266 solenne
3417 4198 3719 4280 diploma,
3783 4216 3913 4280 qno
3978 4197 4045 4261 in
4111 4197 4253 4262 eius
4316 4198 4507 4280 regni
4572 4199 5049 4280 possessionem

3092 4285 3377 4351 mittitur
3418 4282 3744 4349 Christus.
3834 4282 4042 4348 Porro
4102 4302 4270 4364 qnae
4322 4282 4605 4348 laetitiae
4648 4285 4924 4349 materia
4963 4306 5051 4350 ex

3092 4375 3232 4438 eius
3291 4390 3513 4454 regno,
3573 4370 3697 4434 nisi
3738 4371 3856 4434 toti
3900 4366 4142 4434 mundo
4187 4368 4471 4434 salutare
4514 4370 4699 4445 foret,
4763 4371 4886 4436 hoc
4930 4380 5053 4449 est,

3093 4469 3227 4522 tam
3272 4456 3575 4540 gentibus
3621 4475 3817 4538 quam
3864 4452 4172 4519 Iudaeis?
4263 4452 4706 4535 Quamobrem
4750 4470 4901 4538 apte
4945 4456 5054 4522 hic

3096 4540 3425 4625 apostolus
3498 4562 3703 4623 quum
3771 4541 3928 4606 dicit
3989 4541 4205 4622 ipsum
4270 4540 4594 4606 introduci
4661 4541 4728 4605 in
4795 4541 5052 4609 orbem:

3043 4653 3047 4677 ·
3095 4630 3250 4712 qnia
3308 4628 3556 4694 scilicet
3611 4627 3746 4693 illic
3788 4627 3930 4693 eins
3973 4626 4056 4690 ad
4101 4625 4399 4692 homines
4443 4626 4767 4693 adventus
4810 4628 5053 4693 descri-

3043 4727 3047 4785 :
3095 4715 3293 4781 bitur.
3359 4713 3711 4780 Caeterum
3757 4734 3883 4778 vox
3932 4712 4252 4790 hebraica,
4297 4732 4415 4795 pro
4458 4733 4590 4796 qua
4634 4711 4741 4778 hic
4784 4712 5052 4795 angelos

3045 4831 3047 4843 ν
3098 4798 3401 4881 reddidit,
3460 4808 3561 4865 est
3607 4799 3889 4876 Ellohim,
3948 4818 4118 4882 qnae
4172 4813 4240 4864 et
4284 4799 4439 4865 deos
4482 4799 4827 4881 significat.

3100 4887 3370 4952 minime
3422 4884 3693 4950 dubium
3736 4885 3900 4968 quin
3944 4884 4027 4949 de
4069 4883 4321 4968 angelis
4362 4884 4662 4968 loquatur
4705 4797 5053 4966 propines&

3100 4973 3254 5055 qnia
3296 4993 3530 5038 sensus
3573 4984 3696 5049 est,
3759 4970 4012 5035 nnllam
4054 4991 4199 5036 esse
4260 4984 4393 5035 tam
4437 4968 4782 5035 sublimem
4826 4984 5057 5053 poten-

3099 5059 3257 5123 tiam
3318 5077 3483 5141 quae
3544 5078 3673 5123 non
3732 5057 3962 5123 subiici
4020 5056 4253 5122 debeat
4304 5054 4499 5122 huius
4541 5055 4715 5139 regis
4759 5056 5055 5140 imperio,

3276 5366 3335 5432 7.
3379 5365 3470 5433 Et
3508 5365 3596 5433 ad
3635 5364 3889 5450 anqdos
3930 5364 4181 5450 quidem
4223 5364 4394 5446 dicit,
4448 5364 4574 5447 Qui
4611 5366 4768 5450 facit
4804 5367 5060 5450 angelos

3281 5453 3571 5535 spiritus,
3614 5456 3671 5518 et
3700 5451 4024 5518 ministros
4051 5471 4204 5518 suos
4222 5453 4551 5533 flamm
4590 5452 4777 5536 tynis.
4849 5451 4911 5518 8.
4948 5454 5062 5535 Λᾶ

3105 5537 3351 5604 ΒΖΜ
3376 5557 3535 5622 vero,
3586 5537 3881 5604 Thronus
3908 5543 4055 5605 tuus
4082 5558 4118 5604 ο
4146 5537 4326 5606 Deus
4355 5539 4424 5604 in
4451 5537 4764 5605 succedunt
4790 5539 5062 5606 saeculi.-

1042 5624 1248 5706 rabat,
1295 5637 1473 5711 patet
1515 5647 1598 5692 ex
1646 5624 1768 5692 loci
1814 5635 2140 5691 contextu.
2212 5623 2381 5689 Nam
2420 5635 2485 5689 et
2525 5624 2725 5690 totins
2770 5622 2999 5690 mundi
3051 5679 3054 5682 Α
3104 5624 3286 5710 vir-qa
3343 5623 3719 5706 directionis,
3775 5624 3961 5710 virqa
4002 5624 4182 5711 requi
4222 5624 4336 5690 tui.
4424 5625 4486 5691 9.
4532 5623 4838 5691 Dilexisti
4877 5625 5063 5692 iusti-
