5650 6759
492 695 533 761 ll
1241 694 1384 764 EPIST.
1407 696 1472 763 AD
1496 696 1747 765 HEBRAEOS
2462 700 2503 764 12

490 888 578 954 enim
609 887 700 971 prins
721 898 849 972 oportet
878 908 975 972 qnam
1010 910 1068 973 per
1090 890 1196 974 ipsum
1222 890 1363 955 mundus
1385 912 1473 956 erea·
1524 910 1638 956 ennam
1657 889 1720 956 Dei
1743 891 1946 956 maiestatem
1969 891 2174 957 transfertur.
2208 892 2276 959 Sed
2294 902 2404 958 tamen
2422 891 2502 960 haeo

492 983 593 1039 retur.
631 973 727 1055 Quod
751 976 777 1040 si
801 974 998 1040 diuturnitas
1022 976 1175 1058 temporis
1198 977 1375 1058 quaeritur,
1399 977 1472 1041 nnl-
1524 996 1607 1059 quae
1628 975 1776 1043 sensibus
1798 978 1922 1043 nostris
1943 981 2119 1060 eonspiena
2134 988 2222 1059 sunt,
2245 991 2322 1061 apte
2337 978 2378 1043 ad
2393 978 2500 1045 Deum

492 1060 558 1124 lum
582 1060 768 1125 invenietur
791 1061 995 1145 principium.
1030 1061 1143 1144 Neque
1165 1061 1226 1125 hoe
1248 1063 1318 1125 eius
1336 1061 1473 1146 deroget
1524 1062 1816 1139 aeoommodantur‚
1846 1072 1883 1128 nt
1912 1063 2053 1130 etiamne
2083 1063 2160 1146 qnid
2190 1065 2224 1128 in
2246 1064 2380 1130 Christo
2407 1086 2502 1148 quae-

493 1146 656 1228 potestati,
685 1146 769 1227 quod
802 1167 858 1228 per
886 1149 993 1229 ipsum
1023 1146 1142 1213 dieitur
1164 1156 1291 1212 oreatus
1313 1149 1471 1212 mundus:
1524 1150 1660 1212 rendum
1692 1149 1745 1223 sit,
1774 1156 1807 1212 et
1836 1148 1916 1231 quid
1947 1150 2039 1213 nobis
2069 1149 2222 1214 utilitatis
2248 1151 2372 1215 afferat.
2416 1151 2501 1216 Nam

491 1232 584 1315 quasi
608 1253 673 1298 non
696 1233 767 1316 ipse
789 1234 958 1298 creaverit.
995 1231 1086 1298 Haeo
1104 1233 1223 1297 usitata
1246 1240 1298 1298 est
1318 1233 1472 1316 loquendi
1525 1234 1585 1298 hoe
1613 1253 1740 1317 quoque
1769 1234 1948 1299 notandum
1971 1245 2029 1311 est,
2059 1256 2124 1299 non
2156 1234 2209 1299 hio
2238 1234 2345 1301 dooeri
2367 1236 2502 1303 frivolas

491 1318 583 1395 ratio,
608 1327 733 1401 patrem
750 1318 858 1384 voeari
881 1323 1077 1384 creatorem:
1101 1316 1186 1400 quod
1210 1327 1319 1383 autem
1338 1318 1472 1402 quibus·
1523 1320 1777 1403 speculationes:
1815 1320 1872 1385 sed
1910 1319 1994 1384 tradi
2028 1318 2164 1385 solidam
2198 1322 2274 1385 fidei
2308 1321 2501 1388 doetrinam.

491 1402 566 1468 dem
598 1403 676 1468 loois
708 1403 849 1486 additur,
878 1424 935 1486 per
963 1404 1168 1486 sapientiam,
1201 1403 1251 1468 vel
1280 1425 1472 1485 sermonem,
1525 1404 1636 1486 Quare
1660 1404 1814 1469 debemus
1836 1406 1869 1469 in
1886 1425 1981 1469 usum
1998 1415 2145 1471 nostrum
2162 1406 2243 1472 haee
2257 1406 2380 1473 Christi
2396 1407 2502 1490 elogia

492 1488 544 1554 vel
567 1488 680 1568 filium,
704 1490 837 1572 perinde
853 1489 940 1555 valet
962 1507 999 1555 ao
1021 1491 1049 1554 si
1066 1490 1134 1572 ipsa
1152 1489 1314 1572 sapientia
1329 1492 1470 1555 oreatrix
1523 1490 1702 1574 applicare:
1732 1490 1827 1555 siouti
1856 1490 1897 1555 ad
1925 1510 1984 1556 nos
2014 1491 2205 1558 relationem
2235 1490 2365 1557 habent.
2415 1493 2501 1557 Dum

492 1575 725 1640 nominaretur.
771 1573 837 1641 Sed
867 1576 993 1640 interea
1021 1575 1203 1657 personalis
1226 1575 1389 1641 distinetio
1413 1598 1471 1642 no·
1523 1576 1623 1659 igitur
1646 1575 1738 1641 audis
1760 1576 1864 1640 filium
1887 1595 1958 1641 esse
1973 1575 2178 1659 splendorem
2197 1589 2353 1662 paternae
2368 1578 2501 1663 gloriae,

493 1671 591 1738 tatur,
616 1682 680 1725 non
704 1672 832 1725 tantum
855 1670 1012 1744 respeotu‘
1026 1660 1205 1740 hominum,
1228 1660 1285 1726 sed
1308 1670 1344 1726 ut
1366 1671 1416 1726 eet
1437 1662 1472 1726 in
1523 1662 1570 1728 sio
1585 1661 1671 1744 apud
1688 1673 1720 1725 te
1735 1662 1852 1746 eogita,
1871 1661 2008 1746 gloriam
2024 1665 2128 1745 patris
2142 1683 2212 1728 esse
2228 1663 2285 1728 tibi
2301 1663 2501 1728 invisibilem

492 1744 563 1810 Deo
597 1747 682 1828 ipso,
719 1747 805 1811 inter
841 1757 965 1829 patrem
1003 1757 1036 1812 et
1072 1746 1186 1811 filium.
1241 1745 1360 1813 Unitae
1393 1768 1471 1832 ergo
1524 1745 1626 1811 donee
1647 1748 1681 1811 in
1700 1745 1834 1814 Christo
1857 1747 2034 1831 refulgeat:
2057 1747 2130 1813 ideo
2148 1749 2257 1815 voeari
2279 1748 2501 1816 oheraoterem

490 1834 652 1898 essentiae
681 1832 759 1898 feeit
787 1839 824 1897 ut
855 1831 1012 1915 quidquid
1041 1832 1213 1898 essentiale
1245 1833 1280 1897 iu
1311 1830 1383 1897 Deo
1412 1842 1471 1910 est,
1522 1833 1733 1916 substantiae,
1756 1832 1840 1916 quod
1864 1833 1968 1917 patris
1988 1833 2139 1899 maiestas
2162 1837 2204 1899 sit
2221 1836 2386 1900 recondita
2401 1834 2502 1900 donee

491 1930 559 1982 tam
591 1919 676 1999 patri
698 1937 795 1999 qnam
818 1917 888 1984 filio
910 1928 1084 2002 oompetet:
1116 1916 1234 1984 deinde
1257 1929 1294 1983 ut
1315 1918 1471 2001 quidquid
1522 1939 1557 1983 se
1580 1918 1682 1982 veluti
1709 1919 1741 1982 in
1764 1919 1908 2002 imagine
1932 1918 2125 2002 impressam
2149 1920 2308 1985 ostendat.
2354 1920 2419 2002 Qui
2443 1919 2503 1985 hao

491 2001 681 2087 simplieiter
696 2001 767 2068 Deo
790 2005 955 2089 oompetit‚
978 2005 1108 2086 utrique
1128 2005 1171 2068 sit
1189 2025 1368 2069 commune.
1402 2003 1470 2070 Sed
1522 2003 1680 2069 relatione
1695 2025 1759 2068 non
1771 2004 1951 2084 observata,
1966 2004 2066 2069 altius
2081 2004 2364 2089 philosophantur,
2380 2008 2502 2070 frustra

491 2087 553 2154 hoo
573 2109 640 2154 non
661 2087 799 2171 impedit
820 2090 899 2172 quin
922 2091 1050 2173 utrique
1074 2109 1232 2174 personae
1253 2109 1312 2154 sua
1334 2090 1376 2154 sit
1400 2111 1472 2174 pro-
1521 2110 1556 2155 se
1586 2099 1768 2166 macerant,
1803 2091 1880 2173 quia
1913 2110 1979 2155 non
2008 2100 2123 2189 tenenq
2153 2090 2289 2174 apostoli
2318 2091 2499 2158 eonsilium.

492 2175 622 2257 pristas.
667 2174 795 2239 Nomen
818 2196 896 2241 vero
928 2174 1125 2240 haeredis
1148 2175 1281 2241 Christo
1315 2176 1349 2239 in
1372 2195 1471 2241 earne
1522 2176 1635 2258 Neque
1669 2176 1755 2240 enim
1791 2175 1844 2241 hie
1873 2176 2002 2242 tradere
2030 2176 2138 2240 voluit
2169 2177 2247 2260 quid
2278 2176 2384 2243 simile
2412 2178 2502 2242 intus

490 2259 697 2326 manifestato
727 2260 891 2327 tribuitur.
935 2260 1021 2326 Nam
1052 2270 1213 2344 quatenus
1242 2260 1339 2325 homo
1366 2261 1470 2327 faetus
1521 2260 1640 2326 habeat
1673 2269 1764 2343 pater
1797 2281 1871 2327 oum
1906 2261 1990 2326 filio:
2028 2261 2085 2326 sed
2119 2261 2388 2344 quemadmodum
2423 2261 2502 2339 dixi,

489 2344 626 2411 eandem
644 2346 812 2412 nobiseum
829 2347 936 2413 induit
951 2358 1111 2425 naturam,
1136 2346 1366 2412 haereditatem
1386 2346 1470 2413 hano
1522 2347 1616 2411 fidem
1640 2360 1786 2412 nostram
1809 2348 1980 2412 aedificare
2002 2368 2077 2411 oum
2101 2349 2205 2413 fruotu
2231 2347 2350 2413 voluit:
2380 2354 2417 2413 ut
2439 2347 2503 2413 die·

490 2431 628 2515 aeoepit:
651 2430 756 2513 idque,
779 2444 818 2498 ut
841 2433 932 2498 nobis
954 2445 1163 2518 reeupereret
1181 2431 1266 2517 quod
1282 2432 1469 2514 perdidera-
1520 2454 1644 2508 oomus,
1675 2454 1739 2497 non
1770 2433 1865 2497 aliter
1895 2433 2001 2497 Deum
2030 2431 2124 2498 nobis
2153 2435 2298 2517 patefieri
2339 2453 2435 2516 quam
2467 2435 2503 2497 in

490 2538 562 2583 mus
591 2518 625 2582 in
648 2517 765 2584 Adam.
809 2517 988 2584 Hominem
1019 2519 1106 2583 enim
1138 2520 1230 2601 quasi
1254 2518 1353 2582 filium
1379 2519 1469 2584 Deus
1521 2517 1662 2585 Christo.
1707 2519 1789 2582 'Pam
1821 2521 1907 2582 enim
1938 2522 1971 2583 in
1997 2518 2059 2583 Dei
2088 2522 2230 2584 essentia
2252 2522 2429 2585 immensus
2452 2533 2501 2584 est

489 2602 706 2669 constituerat
728 2605 829 2681 initio,
853 2605 1008 2671 bonorum
1031 2605 1176 2669 omnium
1200 2624 1334 2669 snorum
1358 2605 1470 2669 haere·
1521 2604 1636 2687 fulgor,
1667 2618 1703 2668 ut
1732 2603 1842 2669 oeulos
1870 2616 1998 2670 nostroe
2020 2606 2221 2688 perstringat
2243 2605 2346 2670 donee
2368 2605 2502 2670 irradiet

492 2688 576 2754 dem.
625 2687 692 2754 Sed
727 2709 785 2773 per
812 2699 980 2775 peooatum
1011 2711 1030 2754 a
1060 2691 1129 2755 Deo
1158 2689 1319 2755 alienatus
1347 2693 1470 2772 primus
1521 2709 1582 2754 nos
1614 2692 1646 2753 in
1677 2689 1821 2756 Christo.
1866 2689 1963 2756 Unde
1992 2690 2149 2772 sequitur,
2183 2709 2243 2755 nos
2272 2692 2431 2757 oaeontire
2461 2693 2501 2756 ad

491 2774 599 2851 homo,
623 2794 658 2840 se
673 2784 706 2839 et
720 2777 942 2859 posteritatem
961 2796 1064 2852 suam,
1085 2790 1150 2840 tam
1167 2774 1231 2839 Dei
1246 2774 1470 2841 benedictione
1521 2776 1624 2840 lueem
1656 2774 1730 2856 Dei,
1761 2775 1825 2840 uisi
1852 2777 1887 2839 in
1913 2776 2047 2841 Christo
2078 2775 2169 2841 nobis
2199 2776 2366 2861 affulgeat.
2411 2775 2502 2842 Haeo

491 2880 586 2943 quam
610 2860 704 2926 bouis
726 2860 876 2927 omnibus
899 2863 1096 2944 privaverat.
1141 2862 1234 2926 Tune
1256 2882 1333 2944 ergo
1356 2862 1469 2943 ineipi·
1522 2882 1599 2926 vere
1629 2861 1719 2927 utilis
1750 2873 1801 2926 est
1831 2860 2045 2944 philosophia,
2075 2883 2118 2925 ex
2144 2863 2229 2926 serio
2250 2863 2326 2926 fidei
2348 2882 2445 2926 sensu
2469 2875 2503 2926 et

491 2966 564 3010 mus
598 2946 671 3011 iure
700 2947 764 3012 frui
787 2945 851 3012 Dei
880 2947 981 3023 bonis,
1013 2966 1112 3028 quum
1136 2967 1196 3012 nos
1219 2947 1382 3027 Christus,
1412 2947 1468 3030 qui
1521 2949 1746 3028 experimento
1768 2947 1891 3013 diseere
1914 2947 2038 3012 Christi
2060 2947 2297 3014 excellentiam.
2336 2947 2427 3012 Idem
2450 2945 2503 3031 (ut

490 3032 686 3096 universalis
708 3042 757 3097 est
780 3032 905 3109 haeres,
931 3034 965 3098 in
989 3033 1177 3099 societatem
1201 3053 1293 3097 suam
1315 3032 1468 3098 admittit.
1521 3034 1586 3097 iam
1618 3032 1700 3119 dixi)
1728 3045 1761 3098 et
1789 3034 1830 3097 de
1855 3032 2044 3098 eharaotere
2071 3034 2276 3097 sentiendum
2308 3043 2366 3096 est.
2417 3033 2500 3096 Nam

489 3117 574 3181 Nam
607 3116 680 3183 ideo
713 3117 769 3182 ille
802 3118 933 3196 haeres,
968 3128 1005 3183 ut
1039 3141 1102 3183 oon
1133 3119 1201 3184 suis
1232 3119 1348 3202 opibus
1376 3117 1466 3184 ditet.
1521 3138 1620 3200 quum
1644 3118 1737 3184 Deus
1768 3139 1826 3202 per
1853 3139 1888 3183 se
1909 3119 2003 3184 nobis
2025 3118 2069 3182 sit
2090 3117 2434 3200 incomprehensibilis,
2466 3119 2500 3181 in

491 3202 580 3284 Quin
603 3202 664 3268 hoe
686 3203 791 3288 elogio
814 3224 901 3268 nuno
923 3224 996 3269 eum
1020 3215 1114 3270 ornat
1137 3205 1302 3287 apostolus
1325 3209 1363 3267 ut
1385 3205 1466 3269 seia·
1520 3205 1590 3268 filio
1613 3204 1742 3269 demum
1766 3206 1836 3270 eius
1859 3205 1962 3268 forma
1985 3202 2076 3268 nobis
2098 3214 2240 3286 apparet.
2286 3203 2375 3285 Ergo
2398 3201 2499 3266 ἀπαὺ·

488 3309 561 3354 mus
593 3310 651 3353 noe
681 3292 752 3354 sine
780 3291 849 3372 ipso
878 3289 1036 3355 bonorum
1067 3292 1213 3355 omnium
1249 3311 1319 3355 esse
1343 3292 1467 3374 inopes.
1522 3310 1632 3375 γασμα
1655 3291 1708 3356 hio
1731 3289 1813 3354 nihil
1834 3288 1920 3353 aliud
1945 3289 2107 3370 signifieat
2124 3308 2220 3371 quam
2238 3288 2347 3352 lumen
2364 3288 2499 3367 visibile,

490 3372 526 3441 si
560 3375 739 3441 omnium
778 3377 810 3440 in
845 3375 1025 3442 maseulino
1059 3396 1177 3460 genere
1211 3376 1365 3460 aeeipias,
1403 3377 1469 3442 huo
1522 3387 1580 3441 aut
1609 3377 1851 3460 refulgentiam,
1880 3375 1972 3439 ouius
2001 3373 2084 3438 oouli
2115 3375 2220 3438 nostri
2250 3376 2316 3437 sint
2345 3393 2498 3455 eapeees:

492 3460 650 3543 speetabit
679 3460 860 3526 membrum
884 3460 989 3528 istud:
1021 3462 1137 3527 debere
1159 3482 1218 3527 nos
1241 3461 1372 3528 Christo
1394 3462 1469 3527 sub·
1522 3476 1555 3526 et
1583 3463 1768 3547 χαρακτὴρ,
1802 3463 1910 3526 vivam
1945 3460 2081 3524 sormam
2115 3460 2260 3524 oeoultae
2286 3460 2500 3524 substantiae.

490 3548 591 3613 ieotos
619 3567 699 3626 esse,
727 3549 802 3629 quia
831 3545 881 3611 illi
909 3569 927 3612 a
955 3555 1048 3630 patre
1071 3547 1136 3613 dati
1159 3549 1272 3612 simus.
1319 3546 1383 3614 Sed
1406 3568 1467 3633 ego
1522 3548 1638 3613 Priore
1659 3569 1738 3613 vooe
1762 3548 1986 3623 admonemur,
2016 3561 2110 3609 extra
2132 3544 2303 3612 Christum
2327 3544 2409 3608 nihil
2430 3566 2502 3610 esse

489 3634 597 3714 potius
619 3634 653 3696 in
677 3647 793 3697 neutro
816 3654 934 3718 genere
957 3634 1046 3717 lego:
1078 3646 1113 3698 ut
1138 3634 1300 3719 significet
1322 3634 1469 3717 legitima
1521 3633 1612 3712 lueis,
1641 3634 1699 3699 sed
1722 3654 1828 3698 merae
1855 3632 2015 3697 tenebras.
2060 3631 2143 3697 Nam
2168 3652 2268 3713 quum
2292 3629 2383 3694 Deus
2405 3631 2502 3696 unioa

490 3717 570 3784 ooeli
600 3730 632 3783 et
661 3728 768 3783 terrae
790 3721 997 3802 omniumque
1019 3730 1240 3785 ereaturarum
1265 3722 1468 3803 possessione
1520 3718 1580 3783 lux
1603 3720 1655 3794 sit,
1679 3741 1744 3802 qua
1767 3739 1827 3783 nos
1849 3739 1961 3783 omnes
1983 3717 2162 3782 illuminari
2185 3725 2320 3799 oportet,
2344 3716 2405 3781 hao
2423 3729 2499 3779 tan-

490 3825 548 3869 noe
572 3805 684 3883 areeri,
707 3805 768 3869 nisi
792 3804 924 3871 Christo
946 3806 1233 3871 eommunioemus.
1521 3815 1590 3868 tum
1614 3806 1827 3870 irradiatione
1850 3803 1900 3889 (ut
1920 3806 1966 3868 ita
1988 3803 2113 3887 loquar)
2135 3823 2171 3867 se
2200 3807 2233 3865 in
2258 3823 2316 3867 noe
2339 3802 2500 3867 diffundit.

1522 3888 1673 3956 Secundo
1689 3891 1911 3967 admonemur,
1935 3909 2011 3953 vere
2029 3901 2061 3952 et
2076 3888 2178 3952 solide
2193 3886 2301 3951 Deum
2318 3889 2350 3951 in
2368 3885 2502 3953 Christo

577 3974 607 4039 3.
641 3974 703 4057 Qui
729 3995 826 4058 qaum
853 3978 895 4041 sit
922 3975 1069 4060 splendor
1092 3977 1222 4061 pieriae,
1253 3982 1281 4042 et
1310 3976 1469 4042 charone
1519 3979 1680 4060 eognosei.
1726 3977 1838 4059 Neque
1867 3976 1954 4039 enim
1983 3974 2120 4038 obseura
2148 3986 2198 4036 est
2226 3973 2276 4037 vel
2308 3973 2503 4038 adumbrata

487 4059 680 4128 substantioe
707 4063 789 4142 eius,
817 4067 979 4145 portetque
1007 4063 1112 4128 omerio
1140 4063 1232 4127 uerbo
1260 4083 1317 4128 seo
1338 4064 1468 4145 potenti,
1520 4064 1589 4127 eius
1623 4063 1732 4148 imago
1767 4063 1943 4126 duntaxat:
1981 4058 2038 4123 sed
2072 4079 2226 4141 expressa
2258 4059 2386 4142 efligies
2420 4079 2502 4141 quae

483 4152 678 4231 peecatorum
703 4153 877 4214 aestrorum
899 4149 1087 4230 peperisse
1109 4169 1170 4231 per
1191 4169 1223 4214 se
1245 4149 1352 4231 ipsum
1371 4150 1467 4231 fado,
1520 4149 1627 4231 ipsum
1644 4150 1752 4222 refert,
1767 4143 2038 4229 quemadmodum
2051 4165 2204 4210 nummus
2215 4145 2383 4210 matrioem
2396 4146 2501 4223 ounei,

487 4234 623 4300 rosseto
643 4236 678 4298 in
699 4234 827 4300 deetero
848 4233 1095 4318 mopaifioeatiae
1116 4236 1150 4299 in
1173 4234 1309 4300 excelsis.
1520 4255 1583 4316 quo
1605 4254 1779 4315 pereussos
1802 4241 1862 4309 est,
1885 4232 2034 4294 formam.
2074 4229 2280 4312 Quamquam
2303 4231 2378 4312 plus
2401 4232 2500 4295 etiam

1520 4320 1598 4384 dioit
1629 4318 1810 4403 apostolus:
1841 4336 1958 4400 nempe
1986 4317 2086 4399 patris
2109 4316 2323 4381 substantiam
2348 4317 2503 4398 quodam·

574 4405 604 4469 3.
631 4405 691 4487 Qui
714 4425 809 4488 quum
829 4405 873 4470 sit
893 4406 1039 4487 epleredor
1059 4406 1189 4489 plurios.
1233 4405 1325 4472 Haeo
1347 4408 1467 4490 partim
1520 4404 1616 4470 modo
1640 4404 1772 4470 Christo
1795 4401 1992 4485 inseulptam
2015 4421 2095 4468 esse.
2134 4402 2258 4465 Nomen
2283 4400 2501 4483 ὑποστάσεως,

489 4490 529 4555 de
559 4490 670 4556 divina
699 4490 823 4557 Christi
856 4493 1010 4571 essentia,
1044 4493 1162 4575 partim
1196 4492 1235 4557 de
1270 4492 1338 4574 ipso
1368 4510 1468 4558 earne
1520 4493 1606 4573 quod
1640 4511 1700 4574 ego
1734 4489 1813 4554 alios
1846 4500 2016 4570 sequutus,
2050 4489 2132 4552 verti
2164 4488 2380 4552 substantiam
2414 4488 2501 4572 (meo

491 4582 604 4642 nostra
641 4576 755 4642 induto
792 4575 1028 4659 praedicantur.
1088 4578 1172 4641 Nam
1210 4579 1297 4660 quod
1335 4588 1468 4644 voeatur
1520 4575 1653 4660 iudicio)
1683 4597 1747 4640 non
1777 4595 1848 4640 esse
1871 4574 1924 4638 vel
1947 4574 2122 4639 essentiam
2146 4573 2248 4656 patris
2269 4571 2413 4653 denotat,
2443 4575 2500 4639 sed

490 4663 643 4746 splendor
663 4663 796 4746 gloriae,
819 4676 859 4726 et
881 4662 1095 4728 eharaoter
1117 4664 1393 4739 substantiae,
1422 4662 1468 4726 di·
1519 4681 1701 4744 pereonam.
1735 4661 1820 4726 Nam
1843 4658 1923 4724 illud
1947 4658 2087 4724 absurde
2109 4658 2283 4739 diceretur,
2307 4659 2370 4723 Dei
2392 4678 2500 4723 essen·

492 4749 640 4813 vinitatis
670 4758 719 4814 est
748 4749 933 4833 proprium:
968 4749 1032 4813 alia
1066 4749 1107 4814 ad
1134 4749 1312 4814 humanam
1340 4768 1468 4831 quoque
1521 4748 1600 4811 tiam
1630 4749 1664 4812 in
1688 4746 1821 4812 Christo
1844 4747 2036 4829 impressam
2065 4763 2150 4809 esse:
2180 4764 2281 4826 quum
2311 4742 2421 4808 eadem
2445 4744 2497 4820 sit,

491 4847 642 4899 naturam
673 4836 843 4917 pertinent.
888 4832 1011 4901 Omnia
1040 4845 1150 4900 tamen
1177 4836 1216 4899 ad
1240 4833 1469 4900 commendan·
1520 4845 1553 4898 et
1586 4832 1716 4916 quidem
1750 4831 1890 4916 simplex
1922 4833 2093 4913 utriusque
2123 4831 2273 4895 essentia.
2324 4827 2390 4892 Sed
2422 4848 2499 4894 vere

490 4920 564 4984 dam
588 4918 712 4985 Christi
741 4920 934 5006 dignitatem
964 4931 1042 4986 eunt
1072 4923 1185 5002 posita.
1231 4921 1333 4985 Porro
1354 4919 1467 4985 eadem
1520 4931 1660 5002 apteque
1681 4919 1809 4997 dieitur,
1839 4916 1994 5001 quidquid
2019 4917 2187 4999 proprium
2210 4914 2307 4979 habet
2329 4927 2432 4997 pater,
2462 4914 2499 4979 in

491 5007 618 5070 ratione
640 5005 727 5071 filius
749 5006 901 5091 splendor
923 5006 1046 5091 gloriae
1066 5007 1193 5090 dieitur,
1216 5019 1248 5071 ot
1266 5004 1468 5071 substantiae
1520 5002 1654 5070 Christo
1683 5023 1874 5088 expressum
1904 5024 1991 5068 esse:
2023 5015 2059 5066 ut
2089 5003 2143 5085 qui
2166 5001 2254 5066 huno
2276 5013 2375 5078 tenet,
2404 4999 2499 5083 quid·

489 5090 669 5157 oharaoter.
713 5092 861 5176 Utraque
889 5092 1032 5174 loquutio
1059 5093 1256 5157 translatitia
1277 5102 1337 5158 est.
1381 5091 1467 5156 Nam
1520 5090 1599 5172 quid
1621 5091 1767 5174 inpetro
1788 5100 1847 5166 est,
1871 5088 1969 5154 simul
1992 5099 2109 5153 teneat.
2141 5086 2250 5169 Atque
2266 5086 2303 5149 in
2320 5083 2498 5172 haosigni-

490 5179 531 5242 de
560 5177 661 5243 tantis
689 5178 939 5259 robustamque
962 5178 1136 5244 reconditis
1159 5177 1239 5244 nihil
1262 5185 1371 5260 potest
1393 5177 1468 5259 diei,
1519 5178 1670 5243 fioatione
1698 5177 1874 5241 orthodoxi
1905 5182 2014 5258 patres
2038 5172 2231 5258 hypostasin
2254 5183 2430 5255 usurpant:
2461 5185 2499 5237 ut

491 5263 555 5328 uisi
578 5264 791 5331 similitudine
812 5284 831 5328 a
854 5265 1009 5330 oreaturis
1034 5274 1147 5329 mutuo
1170 5275 1311 5349 sumpta.
1355 5263 1468 5345 Quare
1520 5261 1642 5345 triplex
1669 5262 1704 5327 in
1728 5261 1799 5327 Deo
1828 5263 1880 5340 sit,
1911 5261 2006 5327 unioa
2029 5280 2106 5325 vero
2135 5255 2237 5324 obolo.
2282 5258 2328 5322 Et
2349 5257 2498 5324 Hilarius

491 5370 558 5412 non
587 5355 638 5415 est
665 5351 749 5434 quod
778 5351 874 5416 nimis
906 5350 1067 5416 subtiliter
1095 5350 1297 5432 disputemus
1328 5348 1468 5433 qualiter
1519 5349 1642 5432 passim
1676 5347 1815 5412 latinum
1853 5366 1974 5411 nomen
2014 5345 2216 5411 substantiae
2256 5365 2315 5429 pro
2354 5361 2497 5428 persona

492 5433 578 5499 filius
600 5437 655 5518 qui
680 5456 778 5501 unum
797 5455 871 5501 oum
887 5449 979 5519 patre
994 5436 1170 5501 essentiam
1187 5435 1292 5515 habet,
1315 5434 1469 5518 splendor
1519 5435 1644 5518 aooipit.
1677 5433 1851 5499 Caeterum
1874 5433 1936 5496 etsi
1960 5431 2012 5497 hio
2027 5452 2092 5496 non
2115 5442 2165 5495 est
2184 5431 2385 5514 propositum
2402 5448 2495 5511 apos·

490 5521 533 5585 sit
561 5541 601 5585 ex
631 5521 720 5587 illius
743 5520 867 5587 lumine
889 5521 1064 5606 refulgens.
1110 5521 1295 5586 Fatendum
1318 5532 1377 5600 est,
1407 5520 1468 5584 im·
1519 5519 1595 5599 tolo,
1619 5521 1776 5584 disserere
1796 5518 1903 5601 qualis
1924 5519 1958 5581 in
1983 5537 2018 5583 se
2039 5517 2082 5582 eit
2103 5515 2266 5595 Christus,
2289 5514 2344 5578 sed
2367 5515 2496 5596 qualem

491 5609 656 5690 proprium
680 5605 916 5690 quodammodo
937 5626 1008 5673 esse
1031 5606 1115 5690 quod
1138 5626 1157 5671 a
1175 5606 1333 5673 creaturis
1356 5605 1397 5672 ad
1419 5627 1469 5670 ar·
1519 5626 1554 5671 so
1577 5605 1670 5672 nobis
1692 5625 1727 5669 re
1749 5604 1820 5687 ipsa
1840 5602 2000 5671 deelaret:
2028 5611 2139 5668 tamen
2162 5604 2303 5669 Arianos
2324 5610 2358 5664 et
2380 5599 2496 5666 Sabel-
